=LDR  00566nas  2200193uu 4500
=000  00568cam\a22001693a\4500
=001  53001
=003  PGUSA
=005  20161217030035.0
=008  160907s2016||||xxu|||||s|||||000\|\eng\d
=040  \\ $a PGUSA $b eng
=042  \\ $a dc
=100  1\ $a Bell, Aubrey F.G.
=245  14 $a The Magic of Spain $h [electronic resource] / $c Aubrey F.G. Bell
=260  \\ $b Project Gutenberg, $c 2016
=506  \\ $a Public domain in the USA.
=516  \\ $a Text
=830  \0 $a Project Gutenberg $v 53001
=856  40 $u http://www.gutenberg.org/ebooks/53001

