=LDR  00603nas  2200193uu 4500
=000  00568cam\a22001693a\4500
=001  53002
=003  PGUSA
=005  20161217030035.0
=008  160907s2016||||xxu|||||s|||||000\|\eng\d
=040  \\ $a PGUSA $b eng
=042  \\ $a dc
=100  1\ $a Porter, Peter A. $q (Peter Augustus), $d 1853-1925
=245  12 $a A Legend of Goat Island $h [electronic resource] / $c Peter A. Porter
=260  \\ $b Project Gutenberg, $c 2016
=506  \\ $a Public domain in the USA.
=516  \\ $a Text
=830  \0 $a Project Gutenberg $v 53002
=856  40 $u http://www.gutenberg.org/ebooks/53002

