=LDR  00573nas  2200193uu 4500
=000  00568cam\a22001693a\4500
=001  53003
=003  PGUSA
=005  20161217030035.0
=008  160907s2016||||xxu|||||s|||||000\|\spa\d
=040  \\ $a PGUSA $b spa
=042  \\ $a dc
=100  1\ $a Baroja, Pío, $d 1872-1956
=245  10 $a La Veleta de Gastizar $h [electronic resource] / $c Pío Baroja
=260  \\ $b Project Gutenberg, $c 2016
=506  \\ $a Public domain in the USA.
=516  \\ $a Text
=830  \0 $a Project Gutenberg $v 53003
=856  40 $u http://www.gutenberg.org/ebooks/53003

