=LDR  00628nas  2200193uu 4500
=000  00568cam\a22001693a\4500
=001  53004
=003  PGUSA
=005  20161217030035.0
=008  160907s2016||||xxu|||||s|||||000\|\eng\d
=040  \\ $a PGUSA $b eng
=042  \\ $a dc
=100  1\ $a Gladstone, W. E. $q (William Ewart), $d 1809-1898
=245  10 $a Studies on Homer and the Homeric Age, Vol. 3 of 3 $h [electronic resource] / $c W. E. Gladstone
=260  \\ $b Project Gutenberg, $c 2016
=506  \\ $a Public domain in the USA.
=516  \\ $a Text
=830  \0 $a Project Gutenberg $v 53004
=856  40 $u http://www.gutenberg.org/ebooks/53004

