=LDR  00639nas  2200193uu 4500
=000  00568cam\a22001693a\4500
=001  53009
=003  PGUSA
=005  20161217030035.0
=008  160908s2016||||xxu|||||s|||||000\|\eng\d
=040  \\ $a PGUSA $b eng
=042  \\ $a dc
=100  1\ $a Atherton, Gertrude Franklin Horn, $d 1857-1948
=245  10 $a Patience Sparhawk and Her Times : $b $b A Novel $h [electronic resource] / $c Gertrude Franklin Horn Atherton
=260  \\ $b Project Gutenberg, $c 2016
=506  \\ $a Public domain in the USA.
=516  \\ $a Text
=830  \0 $a Project Gutenberg $v 53009
=856  40 $u http://www.gutenberg.org/ebooks/53009

