=LDR  00655nas  2200193uu 4500
=000  00568cam\a22001693a\4500
=001  53010
=003  PGUSA
=005  20161217030035.0
=008  160908s2016||||xxu|||||s|||||000\|\eng\d
=040  \\ $a PGUSA $b eng
=042  \\ $a dc
=100  1\ $a Crake, A. D. $q (Augustine David), $d 1836-1890
=245  14 $a The Last Abbot of Glastonbury : $b $b A Tale of the Dissolution of the Monasteries $h [electronic resource] / $c A. D. Crake
=260  \\ $b Project Gutenberg, $c 2016
=506  \\ $a Public domain in the USA.
=516  \\ $a Text
=830  \0 $a Project Gutenberg $v 53010
=856  40 $u http://www.gutenberg.org/ebooks/53010

