=LDR  00698nas  2200193uu 4500
=000  00568cam\a22001693a\4500
=001  53011
=003  PGUSA
=005  20161217030035.0
=008  160908s2016||||xxu|||||s|||||000\|\eng\d
=040  \\ $a PGUSA $b eng
=042  \\ $a dc
=100  1\ $a Ayres, Alfred, $d 1825-1902
=245  14 $a The Mentor : $b $b A little book for the guidance of such men and boys as would appear to advantage in the society of persons of the better sort $h [electronic resource] / $c Alfred Ayres
=260  \\ $b Project Gutenberg, $c 2016
=506  \\ $a Public domain in the USA.
=516  \\ $a Text
=830  \0 $a Project Gutenberg $v 53011
=856  40 $u http://www.gutenberg.org/ebooks/53011

