=LDR  00699nas  2200193uu 4500
=000  00568cam\a22001693a\4500
=001  53013
=003  PGUSA
=005  20161217030035.0
=008  160908s2016||||xxu|||||s|||||000\|\ger\d
=040  \\ $a PGUSA $b ger
=042  \\ $a dc
=100  1\ $a Bornemann, Johann Gottfried
=245  10 $a Anweisung zum Weinbau an Gebäuden, Mauern, Lauben und Bäumen : $b $b Herausgegeben zu Ermunterung der Kinder zu edler Thätigkeit $h [electronic resource] / $c Johann Gottfried Bornemann
=260  \\ $b Project Gutenberg, $c 2016
=506  \\ $a Public domain in the USA.
=516  \\ $a Text
=830  \0 $a Project Gutenberg $v 53013
=856  40 $u http://www.gutenberg.org/ebooks/53013

