=LDR  00684nas  2200193uu 4500
=000  00568cam\a22001693a\4500
=001  53014
=003  PGUSA
=005  20161217030035.0
=008  160908s2016||||xxu|||||s|||||000\|\eng\d
=040  \\ $a PGUSA $b eng
=042  \\ $a dc
=100  1\ $a Monroe, Harriet Earhart
=245  10 $a Twice-born Men in America : $b $b or The Psychology of Conversion as Seen by a Christian Psychologist in Rescue Mission Work $h [electronic resource] / $c Harriet Earhart Monroe
=260  \\ $b Project Gutenberg, $c 2016
=506  \\ $a Public domain in the USA.
=516  \\ $a Text
=830  \0 $a Project Gutenberg $v 53014
=856  40 $u http://www.gutenberg.org/ebooks/53014

