=LDR  00591nas  2200193uu 4500
=000  00568cam\a22001693a\4500
=001  53020
=003  PGUSA
=005  20161217030035.0
=008  160909s2016||||xxu|||||s|||||000\|\eng\d
=040  \\ $a PGUSA $b eng
=042  \\ $a dc
=100  1\ $a Cliffe, Francis Henry, $d 1798-1837
=245  14 $a The Poems of Leopardi $h [electronic resource] / $c Francis Henry Cliffe
=260  \\ $b Project Gutenberg, $c 2016
=506  \\ $a Public domain in the USA.
=516  \\ $a Text
=830  \0 $a Project Gutenberg $v 53020
=856  40 $u http://www.gutenberg.org/ebooks/53020

