=LDR  00700nas  2200193uu 4500
=000  00568cam\a22001693a\4500
=001  53022
=003  PGUSA
=005  20161217030035.0
=008  160910s2016||||xxu|||||s|||||000\|\eng\d
=040  \\ $a PGUSA $b eng
=042  \\ $a dc
=100  1\ $a Goslin, Samuel B.
=245  10 $a First Steps to Bell Ringing : $b $b Being an Introduction to the Healthful and Pleasant Exercise of Bell Ringing in Rounds and Changes upon Church Bells $h [electronic resource] / $c Samuel B. Goslin
=260  \\ $b Project Gutenberg, $c 2016
=506  \\ $a Public domain in the USA.
=516  \\ $a Text
=830  \0 $a Project Gutenberg $v 53022
=856  40 $u http://www.gutenberg.org/ebooks/53022

