=LDR  00670nas  2200193uu 4500
=000  00568cam\a22001693a\4500
=001  53023
=003  PGUSA
=005  20161217030035.0
=008  160910s2016||||xxu|||||s|||||000\|\eng\d
=040  \\ $a PGUSA $b eng
=042  \\ $a dc
=100  1\ $a Hammer-Purgstall, Freiherr von, Joseph, $d 1774-1856
=245  14 $a The History of the Assassins : $b $b Derived from Oriental Sources $h [electronic resource] / $c Freiherr von, Joseph Hammer-Purgstall
=260  \\ $b Project Gutenberg, $c 2016
=506  \\ $a Public domain in the USA.
=516  \\ $a Text
=830  \0 $a Project Gutenberg $v 53023
=856  40 $u http://www.gutenberg.org/ebooks/53023

