=LDR  00706nas  2200193uu 4500
=000  00568cam\a22001693a\4500
=001  53024
=003  PGUSA
=005  20161217030035.0
=008  160910s2016||||xxu|||||s|||||000\|\eng\d
=040  \\ $a PGUSA $b eng
=042  \\ $a dc
=100  1\ $a Williams, H. Noel $q (Hugh Noel), $d 1870-1925
=245  12 $a A Gallant of Lorraine; vol. 2 of 2 : $b $b François, Seigneur de Bassompierre, Marquis d'Haronel, Maréchal de France, 1579-1646 $h [electronic resource] / $c H. Noel Williams
=260  \\ $b Project Gutenberg, $c 2016
=506  \\ $a Public domain in the USA.
=516  \\ $a Text
=830  \0 $a Project Gutenberg $v 53024
=856  40 $u http://www.gutenberg.org/ebooks/53024

