=LDR  00661nas  2200193uu 4500
=000  00568cam\a22001693a\4500
=001  53025
=003  PGUSA
=005  20161217030035.0
=008  160910s2016||||xxu|||||s|||||000\|\ger\d
=040  \\ $a PGUSA $b ger
=042  \\ $a dc
=100  1\ $a Hellwald, Friedrich Anton Heller von
=245  14 $a Die menschliche Familie nach ihrer Entstehung und natürlichen Entwickelung $h [electronic resource] / $c Friedrich Anton Heller von Hellwald
=260  \\ $b Project Gutenberg, $c 2016
=506  \\ $a Public domain in the USA.
=516  \\ $a Text
=830  \0 $a Project Gutenberg $v 53025
=856  40 $u http://www.gutenberg.org/ebooks/53025

