=LDR  00619nas  2200193uu 4500
=000  00568cam\a22001693a\4500
=001  53029
=003  PGUSA
=005  20161217030035.0
=008  160911s2016||||xxu|||||s|||||000\|\fin\d
=040  \\ $a PGUSA $b fin
=042  \\ $a dc
=100  1\ $a Chekhov, Anton Pavlovich, $d 1860-1904
=245  10 $a Avioliittoja : $b $b Kokoelma aviotarinoita $h [electronic resource] / $c Anton Pavlovich Chekhov
=260  \\ $b Project Gutenberg, $c 2016
=506  \\ $a Public domain in the USA.
=516  \\ $a Text
=830  \0 $a Project Gutenberg $v 53029
=856  40 $u http://www.gutenberg.org/ebooks/53029

