=LDR  00565nas  2200193uu 4500
=000  00568cam\a22001693a\4500
=001  53037
=003  PGUSA
=005  20161217030035.0
=008  160912s2016||||xxu|||||s|||||000\|\ger\d
=040  \\ $a PGUSA $b ger
=042  \\ $a dc
=100  1\ $a Geistbeck, Michael
=245  14 $a Der Weltverkehr $h [electronic resource] / $c Michael Geistbeck
=260  \\ $b Project Gutenberg, $c 2016
=506  \\ $a Public domain in the USA.
=516  \\ $a Text
=830  \0 $a Project Gutenberg $v 53037
=856  40 $u http://www.gutenberg.org/ebooks/53037

