=LDR  00618nas  2200193uu 4500
=000  00568cam\a22001693a\4500
=001  53039
=003  PGUSA
=005  20161217030035.0
=008  160913s2016||||xxu|||||s|||||000\|\eng\d
=040  \\ $a PGUSA $b eng
=042  \\ $a dc
=100  1\ $a Smith, Hermann
=245  14 $a The World's Earliest Music : $b $b Traced to Its Beginnings in Ancient Lands $h [electronic resource] / $c Hermann Smith
=260  \\ $b Project Gutenberg, $c 2016
=506  \\ $a Public domain in the USA.
=516  \\ $a Text
=830  \0 $a Project Gutenberg $v 53039
=856  40 $u http://www.gutenberg.org/ebooks/53039

