=LDR  00570nas  2200193uu 4500
=000  00568cam\a22001693a\4500
=001  53042
=003  PGUSA
=005  20161217030035.0
=008  160913s2016||||xxu|||||s|||||000\|\eng\d
=040  \\ $a PGUSA $b eng
=042  \\ $a dc
=100  1\ $a Leiber, Fritz, $d 1910-1992
=245  12 $a A Hitch in Space $h [electronic resource] / $c Fritz Leiber
=260  \\ $b Project Gutenberg, $c 2016
=506  \\ $a Public domain in the USA.
=516  \\ $a Text
=830  \0 $a Project Gutenberg $v 53042
=856  40 $u http://www.gutenberg.org/ebooks/53042

