=LDR  00679nas  2200193uu 4500
=000  00568cam\a22001693a\4500
=001  53061
=003  PGUSA
=005  20161217030035.0
=008  160916s2016||||xxu|||||s|||||000\|\ger\d
=040  \\ $a PGUSA $b ger
=042  \\ $a dc
=100  1\ $a Kobbe, Theodor von
=245  10 $a Humoristische Erinnerungen aus meinem academischen Leben in Heidelberg und Kiel in den Jahren 1817-1819 : $b $b Zweites Bändchen $h [electronic resource] / $c Theodor von Kobbe
=260  \\ $b Project Gutenberg, $c 2016
=506  \\ $a Public domain in the USA.
=516  \\ $a Text
=830  \0 $a Project Gutenberg $v 53061
=856  40 $u http://www.gutenberg.org/ebooks/53061

