=LDR  00663nas  2200193uu 4500
=000  00568cam\a22001693a\4500
=001  53063
=003  PGUSA
=005  20161217030035.0
=008  160916s2016||||xxu|||||s|||||000\|\eng\d
=040  \\ $a PGUSA $b eng
=042  \\ $a dc
=100  1\ $a Baker, Ernest A.
=245  14 $a The Netherworld of Mendip : $b $b Explorations in the great caverns of Somerset, Yorkshire, Derbyshire, and elsewhere $h [electronic resource] / $c Ernest A. Baker
=260  \\ $b Project Gutenberg, $c 2016
=506  \\ $a Public domain in the USA.
=516  \\ $a Text
=830  \0 $a Project Gutenberg $v 53063
=856  40 $u http://www.gutenberg.org/ebooks/53063

