=LDR  00623nas  2200217uu 4500
=000  00568cam\a22001693a\4500
=001  53067
=003  PGUSA
=005  20161217030035.0
=008  160917s2016||||xxu|||||s|||||000\|\eng\d
=040  \\ $a PGUSA $b eng
=042  \\ $a dc
=050  \4$aTP
=100  1\ $a Lemos, Reta A., $d 1882-1954
=245  10 $a Color Cement Handicraft $h [electronic resource] / $c Reta A. Lemos
=260  \\ $b Project Gutenberg, $c 2016
=506  \\ $a Public domain in the USA.
=516  \\ $a Text
=653  \\ $a Cement
=830  \0 $a Project Gutenberg $v 53067
=856  40 $u http://www.gutenberg.org/ebooks/53067

