=LDR  00631nas  2200193uu 4500
=000  00568cam\a22001693a\4500
=001  53068
=003  PGUSA
=005  20161217030035.0
=008  160917s2016||||xxu|||||s|||||000\|\fin\d
=040  \\ $a PGUSA $b fin
=042  \\ $a dc
=100  1\ $a Turunen, Armas E., $d 1886-1909
=245  10 $a Rakkautta ja politiikkaa : $b $b Huvinäytelmä 1:ssä näytöksessä $h [electronic resource] / $c Armas E. Turunen
=260  \\ $b Project Gutenberg, $c 2016
=506  \\ $a Public domain in the USA.
=516  \\ $a Text
=830  \0 $a Project Gutenberg $v 53068
=856  40 $u http://www.gutenberg.org/ebooks/53068

