=LDR  00653nas  2200193uu 4500
=000  00568cam\a22001693a\4500
=001  53079
=003  PGUSA
=005  20161217030035.0
=008  160918s2016||||xxu|||||s|||||000\|\eng\d
=040  \\ $a PGUSA $b eng
=042  \\ $a dc
=100  1\ $a Newnham-Davis, Lieut.-Col. $q (Nathaniel), $d 1854-1917
=245  10 $a Dinners and Diners : $b $b Where and How to Dine in London $h [electronic resource] / $c Lieut.-Col. Newnham-Davis
=260  \\ $b Project Gutenberg, $c 2016
=506  \\ $a Public domain in the USA.
=516  \\ $a Text
=830  \0 $a Project Gutenberg $v 53079
=856  40 $u http://www.gutenberg.org/ebooks/53079

