=LDR  00623nas  2200193uu 4500
=000  00568cam\a22001693a\4500
=001  53082
=003  PGUSA
=005  20161217030035.0
=008  160918s2016||||xxu|||||s|||||000\|\fre\d
=040  \\ $a PGUSA $b fre
=042  \\ $a dc
=100  1\ $a Renan, Ernest, $d 1823-1892
=245  14 $a Les apôtres : $b $b Histoire des origines du christianisme, volume 2 $h [electronic resource] / $c Ernest Renan
=260  \\ $b Project Gutenberg, $c 2016
=506  \\ $a Public domain in the USA.
=516  \\ $a Text
=830  \0 $a Project Gutenberg $v 53082
=856  40 $u http://www.gutenberg.org/ebooks/53082

