=LDR  00748nas  2200193uu 4500
=000  00568cam\a22001693a\4500
=001  53083
=003  PGUSA
=005  20161217030035.0
=008  160918s2016||||xxu|||||s|||||000\|\eng\d
=040  \\ $a PGUSA $b eng
=042  \\ $a dc
=100  1\ $a Gilles, Pierre
=245  14 $a The Antiquities of Constantinople : $b $b With a Description of Its Situation, the Conveniencies of Its Port, Its Publick Buildings, the Statuary, Sculpture, Architecture, and Other Curiosities of That City $h [electronic resource] / $c Pierre Gilles
=260  \\ $b Project Gutenberg, $c 2016
=506  \\ $a Public domain in the USA.
=516  \\ $a Text
=830  \0 $a Project Gutenberg $v 53083
=856  40 $u http://www.gutenberg.org/ebooks/53083

