=LDR  00707nas  2200193uu 4500
=000  00568cam\a22001693a\4500
=001  53093
=003  PGUSA
=005  20161217030035.0
=008  160919s2016||||xxu|||||s|||||000\|\eng\d
=040  \\ $a PGUSA $b eng
=042  \\ $a dc
=100  1\ $a Wilson, T. F. $q (Thomas Fourness)
=245  14 $a The Defence of Lucknow : $b $b A Diary Recording the Daily Events during the Siege of the European Residency from 31st May to 25th September, 1857 $h [electronic resource] / $c T. F. Wilson
=260  \\ $b Project Gutenberg, $c 2016
=506  \\ $a Public domain in the USA.
=516  \\ $a Text
=830  \0 $a Project Gutenberg $v 53093
=856  40 $u http://www.gutenberg.org/ebooks/53093

