=LDR  00610nas  2200193uu 4500
=000  00568cam\a22001693a\4500
=001  53095
=003  PGUSA
=005  20161217030035.0
=008  160920s2016||||xxu|||||s|||||000\|\eng\d
=040  \\ $a PGUSA $b eng
=042  \\ $a dc
=100  1\ $a Alger, Horatio, $c Jr, $d 1832-1899
=245  10 $a Digging for Gold : $b $b A Story of California $h [electronic resource] / $c Horatio, Alger
=260  \\ $b Project Gutenberg, $c 2016
=506  \\ $a Public domain in the USA.
=516  \\ $a Text
=830  \0 $a Project Gutenberg $v 53095
=856  40 $u http://www.gutenberg.org/ebooks/53095

