=LDR  00577nas  2200193uu 4500
=000  00568cam\a22001693a\4500
=001  53097
=003  PGUSA
=005  20161217030035.0
=008  160919s2016||||xxu|||||s|||||000\|\eng\d
=040  \\ $a PGUSA $b eng
=042  \\ $a dc
=100  1\ $a Corelli, Marie, $d 1855-1924
=245  14 $a The Murder of Delicia $h [electronic resource] / $c Marie Corelli
=260  \\ $b Project Gutenberg, $c 2016
=506  \\ $a Public domain in the USA.
=516  \\ $a Text
=830  \0 $a Project Gutenberg $v 53097
=856  40 $u http://www.gutenberg.org/ebooks/53097

