=LDR  00591nas  2200193uu 4500
=000  00568cam\a22001693a\4500
=001  53099
=003  PGUSA
=005  20161217030035.0
=008  160920s2016||||xxu|||||s|||||000\|\eng\d
=040  \\ $a PGUSA $b eng
=042  \\ $a dc
=100  1\ $a Marks, Jeannette Augustus, $d 1875-1964
=245  10 $a Willow Pollen $h [electronic resource] / $c Jeannette Augustus Marks
=260  \\ $b Project Gutenberg, $c 2016
=506  \\ $a Public domain in the USA.
=516  \\ $a Text
=830  \0 $a Project Gutenberg $v 53099
=856  40 $u http://www.gutenberg.org/ebooks/53099

