=LDR  00575nas  2200193uu 4500
=000  00568cam\a22001693a\4500
=001  53101
=003  PGUSA
=005  20161217030035.0
=008  160920s2016||||xxu|||||s|||||000\|\por\d
=040  \\ $a PGUSA $b por
=042  \\ $a dc
=100  1\ $a Machado de Assis, $d 1839-1908
=245  12 $a A Mao e A Luva $h [electronic resource] / $c Machado de Assis
=260  \\ $b Project Gutenberg, $c 2016
=506  \\ $a Public domain in the USA.
=516  \\ $a Text
=830  \0 $a Project Gutenberg $v 53101
=856  40 $u http://www.gutenberg.org/ebooks/53101

