=LDR  00621nas  2200193uu 4500
=000  00568cam\a22001693a\4500
=001  53104
=003  PGUSA
=005  20161217030035.0
=008  160920s2016||||xxu|||||s|||||000\|\eng\d
=040  \\ $a PGUSA $b eng
=042  \\ $a dc
=100  1\ $a Premio-Real, Eduardo Miranda y Ramirez
=245  10 $a Popular Sayings from Old Iberia $h [electronic resource] / $c Eduardo Miranda y Ramirez Premio-Real
=260  \\ $b Project Gutenberg, $c 2016
=506  \\ $a Public domain in the USA.
=516  \\ $a Text
=830  \0 $a Project Gutenberg $v 53104
=856  40 $u http://www.gutenberg.org/ebooks/53104

