=LDR  00565nas  2200193uu 4500
=000  00568cam\a22001693a\4500
=001  53109
=003  PGUSA
=005  20161217030035.0
=008  160921s2016||||xxu|||||s|||||000\|\eng\d
=040  \\ $a PGUSA $b eng
=042  \\ $a dc
=100  1\ $a Johnston, Mary, $d 1870-1936
=245  14 $a The Witch $h [electronic resource] / $c Mary Johnston
=260  \\ $b Project Gutenberg, $c 2016
=506  \\ $a Public domain in the USA.
=516  \\ $a Text
=830  \0 $a Project Gutenberg $v 53109
=856  40 $u http://www.gutenberg.org/ebooks/53109

