=LDR  00698nas  2200193uu 4500
=000  00568cam\a22001693a\4500
=001  53111
=003  PGUSA
=005  20161217030035.0
=008  161010s2016||||xxu|||||s|||||000\|\eng\d
=040  \\ $a PGUSA $b eng
=042  \\ $a dc
=100  1\ $a Harper, Charles G. $q (Charles George), $d 1863-1943
=245  10 $a Half-hours with The Highwaymen - Vol 1 : $b $b Picturesque Biographies and Traditions of The "Knights of The Road" $h [electronic resource] / $c Charles G. Harper
=260  \\ $b Project Gutenberg, $c 2016
=506  \\ $a Public domain in the USA.
=516  \\ $a Text
=830  \0 $a Project Gutenberg $v 53111
=856  40 $u http://www.gutenberg.org/ebooks/53111

