=LDR  00664nas  2200193uu 4500
=000  00568cam\a22001693a\4500
=001  53112
=003  PGUSA
=005  20161217030035.0
=008  161011s2016||||xxu|||||s|||||000\|\eng\d
=040  \\ $a PGUSA $b eng
=042  \\ $a dc
=100  1\ $a Hardy, Paul, $d 1862-1942
=245  10 $a Half-hours with the Highwaymen - Vol 2 : $b $b Picturesque Biographies and Traditions of the "Knights of the Road" $h [electronic resource] / $c Paul Hardy
=260  \\ $b Project Gutenberg, $c 2016
=506  \\ $a Public domain in the USA.
=516  \\ $a Text
=830  \0 $a Project Gutenberg $v 53112
=856  40 $u http://www.gutenberg.org/ebooks/53112

