=LDR  00692nas  2200193uu 4500
=000  00568cam\a22001693a\4500
=001  53113
=003  PGUSA
=005  20161217030035.0
=008  160921s2016||||xxu|||||s|||||000\|\eng\d
=040  \\ $a PGUSA $b eng
=042  \\ $a dc
=100  1\ $a Goddard, Pliny Earle
=245  10 $a Myths and Tales from the White Mountain Apache : $b $b Anthropological Papers of the American Museum of Natural History Vol. XXIV, Part II $h [electronic resource] / $c Pliny Earle Goddard
=260  \\ $b Project Gutenberg, $c 2016
=506  \\ $a Public domain in the USA.
=516  \\ $a Text
=830  \0 $a Project Gutenberg $v 53113
=856  40 $u http://www.gutenberg.org/ebooks/53113

