=LDR  00611nas  2200193uu 4500
=000  00568cam\a22001693a\4500
=001  53114
=003  PGUSA
=005  20161217030035.0
=008  160921s2016||||xxu|||||s|||||000\|\swe\d
=040  \\ $a PGUSA $b swe
=042  \\ $a dc
=100  1\ $a Hultgren, O. J.
=245  10 $a Om mordet på Karl XII : $b $b Historisk och juridisk undersökning $h [electronic resource] / $c O. J. Hultgren
=260  \\ $b Project Gutenberg, $c 2016
=506  \\ $a Public domain in the USA.
=516  \\ $a Text
=830  \0 $a Project Gutenberg $v 53114
=856  40 $u http://www.gutenberg.org/ebooks/53114

