=LDR  00625nas  2200193uu 4500
=000  00568cam\a22001693a\4500
=001  53119
=003  PGUSA
=005  20161217030035.0
=008  160922s2016||||xxu|||||s|||||000\|\fin\d
=040  \\ $a PGUSA $b fin
=042  \\ $a dc
=100  1\ $a Friedrich, W., $d 1855-1879
=245  10 $a Haapaniemen hanhenpoika : $b $b Huvi-näytelmä yhdessä näytöksessä $h [electronic resource] / $c W. Friedrich
=260  \\ $b Project Gutenberg, $c 2016
=506  \\ $a Public domain in the USA.
=516  \\ $a Text
=830  \0 $a Project Gutenberg $v 53119
=856  40 $u http://www.gutenberg.org/ebooks/53119

