=LDR  00677nas  2200193uu 4500
=000  00568cam\a22001693a\4500
=001  53121
=003  PGUSA
=005  20161217030035.0
=008  160922s2016||||xxu|||||s|||||000\|\eng\d
=040  \\ $a PGUSA $b eng
=042  \\ $a dc
=100  1\ $a Talmey, Bernard Simon
=245  10 $a Love : $b $b A Treatise on the Science of Sex-attraction, for the use of Physicians and Students of Medical Jurisprudence $h [electronic resource] / $c Bernard Simon Talmey
=260  \\ $b Project Gutenberg, $c 2016
=506  \\ $a Public domain in the USA.
=516  \\ $a Text
=830  \0 $a Project Gutenberg $v 53121
=856  40 $u http://www.gutenberg.org/ebooks/53121

