=LDR  00611nas  2200193uu 4500
=000  00568cam\a22001693a\4500
=001  53122
=003  PGUSA
=005  20161217030035.0
=008  160922s2016||||xxu|||||s|||||000\|\eng\d
=040  \\ $a PGUSA $b eng
=042  \\ $a dc
=100  1\ $a Spears, John Randolph, $d 1850-1936
=245  14 $a The Story of the American Merchant Marine $h [electronic resource] / $c John Randolph Spears
=260  \\ $b Project Gutenberg, $c 2016
=506  \\ $a Public domain in the USA.
=516  \\ $a Text
=830  \0 $a Project Gutenberg $v 53122
=856  40 $u http://www.gutenberg.org/ebooks/53122

