=LDR  00593nas  2200193uu 4500
=000  00568cam\a22001693a\4500
=001  53125
=003  PGUSA
=005  20161217030035.0
=008  160922s2016||||xxu|||||s|||||000\|\eng\d
=040  \\ $a PGUSA $b eng
=042  \\ $a dc
=100  1\ $a Dumas, Alexandre, $d 1802-1870
=245  14 $a The War of Women : $b $b Volume 2 $h [electronic resource] / $c Alexandre Dumas
=260  \\ $b Project Gutenberg, $c 2016
=506  \\ $a Public domain in the USA.
=516  \\ $a Text
=830  \0 $a Project Gutenberg $v 53125
=856  40 $u http://www.gutenberg.org/ebooks/53125

