=LDR  00656nas  2200193uu 4500
=000  00568cam\a22001693a\4500
=001  53127
=003  PGUSA
=005  20161217030035.0
=008  160923s2016||||xxu|||||s|||||000\|\eng\d
=040  \\ $a PGUSA $b eng
=042  \\ $a dc
=110  1\ $a Society, Arizona Pioneers Historical
=245  10 $a San Xavier Del Bac, Arizona : $b $b A Descriptive and Historical Guide $h [electronic resource] / $c Arizona Pioneers Historical Society
=260  \\ $b Project Gutenberg, $c 2016
=506  \\ $a Public domain in the USA.
=516  \\ $a Text
=830  \0 $a Project Gutenberg $v 53127
=856  40 $u http://www.gutenberg.org/ebooks/53127

