=LDR  00609nas  2200193uu 4500
=000  00568cam\a22001693a\4500
=001  53129
=003  PGUSA
=005  20161217030035.0
=008  160923s2016||||xxu|||||s|||||000\|\fin\d
=040  \\ $a PGUSA $b fin
=042  \\ $a dc
=100  1\ $a Vuokko, Väikkö
=245  10 $a Korvenkylän nuoriso : $b $b Näytelmä kahdessa näytöksessä $h [electronic resource] / $c Väikkö Vuokko
=260  \\ $b Project Gutenberg, $c 2016
=506  \\ $a Public domain in the USA.
=516  \\ $a Text
=830  \0 $a Project Gutenberg $v 53129
=856  40 $u http://www.gutenberg.org/ebooks/53129

