=LDR  00659nas  2200193uu 4500
=000  00568cam\a22001693a\4500
=001  53130
=003  PGUSA
=005  20161217030035.0
=008  160923s2016||||xxu|||||s|||||000\|\eng\d
=040  \\ $a PGUSA $b eng
=042  \\ $a dc
=100  1\ $a Brinton, Daniel G. $q (Daniel Garrison), $d 1837-1899
=245  12 $a A Guide-Book of Florida and the South for Tourists, Invalids and Emigrants $h [electronic resource] / $c Daniel G. Brinton
=260  \\ $b Project Gutenberg, $c 2016
=506  \\ $a Public domain in the USA.
=516  \\ $a Text
=830  \0 $a Project Gutenberg $v 53130
=856  40 $u http://www.gutenberg.org/ebooks/53130

