=LDR  00607nas  2200193uu 4500
=000  00568cam\a22001693a\4500
=001  53131
=003  PGUSA
=005  20161217030035.0
=008  160923s2016||||xxu|||||s|||||000\|\spa\d
=040  \\ $a PGUSA $b spa
=042  \\ $a dc
=100  1\ $a Casas, Bartolomé de las, $d 1484-1566
=245  10 $a Historia de las Indias, tomo v. $h [electronic resource] / $c Bartolomé de las Casas
=260  \\ $b Project Gutenberg, $c 2016
=506  \\ $a Public domain in the USA.
=516  \\ $a Text
=830  \0 $a Project Gutenberg $v 53131
=856  40 $u http://www.gutenberg.org/ebooks/53131

