=LDR  00742nas  2200193uu 4500
=000  00568cam\a22001693a\4500
=001  53133
=003  PGUSA
=005  20161217030035.0
=008  160923s2016||||xxu|||||s|||||000\|\eng\d
=040  \\ $a PGUSA $b eng
=042  \\ $a dc
=100  1\ $a Watson, H. B. Marriott $q (Henry Brereton Marriott), $d 1863-1921
=245  14 $a The High Toby : $b $b Being further chapters in the life and fortunes of Dick Ryder, otherwise Galloping Dick, sometime gentleman of the road $h [electronic resource] / $c H. B. Marriott Watson
=260  \\ $b Project Gutenberg, $c 2016
=506  \\ $a Public domain in the USA.
=516  \\ $a Text
=830  \0 $a Project Gutenberg $v 53133
=856  40 $u http://www.gutenberg.org/ebooks/53133

