=LDR  00650nas  2200193uu 4500
=000  00568cam\a22001693a\4500
=001  53136
=003  PGUSA
=005  20161217030035.0
=008  160923s2016||||xxu|||||s|||||000\|\eng\d
=040  \\ $a PGUSA $b eng
=042  \\ $a dc
=100  1\ $a Earle, Franklin Sumner
=245  10 $a Fig Culture : $b $b Edible Figs: Their Culture and Curing. Fig Culture in the United States. $h [electronic resource] / $c Franklin Sumner Earle
=260  \\ $b Project Gutenberg, $c 2016
=506  \\ $a Public domain in the USA.
=516  \\ $a Text
=830  \0 $a Project Gutenberg $v 53136
=856  40 $u http://www.gutenberg.org/ebooks/53136

