=LDR  00799nas  2200241uu 4500
=000  00568cam\a22001693a\4500
=001  53138
=003  PGUSA
=005  20161217030035.0
=008  160924s2016||||xxu|||||s|||||000\|\eng\d
=040  \\ $a PGUSA $b eng
=042  \\ $a dc
=050  \4$aF1001
=245  14 $a The Jesuit Relations and Allied Documents, Vol. 7 : $b Quebec, Hurons, Cape Breton, 1634-1635 $h [electronic resource]
=260  \\ $b Project Gutenberg, $c 2016
=506  \\ $a Public domain in the USA.
=516  \\ $a Text
=653  \\ $a Jesuits -- Missions
=653  \\ $a Canada -- History -- To 1763 (New France)
=653  \\ $a Jesuits -- North America
=653  \\ $a Indians of North America -- Canada
=830  \0 $a Project Gutenberg $v 53138
=856  40 $u http://www.gutenberg.org/ebooks/53138

