=LDR  00748nas  2200193uu 4500
=000  00568cam\a22001693a\4500
=001  53139
=003  PGUSA
=005  20161217030035.0
=008  160924s2016||||xxu|||||s|||||000\|\eng\d
=040  \\ $a PGUSA $b eng
=042  \\ $a dc
=100  1\ $a Hawkins, N. $q (Nehemiah), $d 1833-1928
=245  10 $a Maxims and Instructions for the Boiler Room : $b $b Useful to Engineers, Firemen and Mechanics; Relating to Steam Generators, Pumps, Appliances, Steam Heating, Practical Plumbing, etc. $h [electronic resource] / $c N. Hawkins
=260  \\ $b Project Gutenberg, $c 2016
=506  \\ $a Public domain in the USA.
=516  \\ $a Text
=830  \0 $a Project Gutenberg $v 53139
=856  40 $u http://www.gutenberg.org/ebooks/53139

