=LDR  00670nas  2200193uu 4500
=000  00568cam\a22001693a\4500
=001  53140
=003  PGUSA
=005  20161217030035.0
=008  160924s2016||||xxu|||||s|||||000\|\eng\d
=040  \\ $a PGUSA $b eng
=042  \\ $a dc
=100  1\ $a Sullivan, James R.
=245  10 $a Chickamauga and Chattanooga Battlefields : $b $b Chickamauga and Chattanooga National Military Park—Georgia, Tennessee $h [electronic resource] / $c James R. Sullivan
=260  \\ $b Project Gutenberg, $c 2016
=506  \\ $a Public domain in the USA.
=516  \\ $a Text
=830  \0 $a Project Gutenberg $v 53140
=856  40 $u http://www.gutenberg.org/ebooks/53140

