=LDR  00686nas  2200193uu 4500
=000  00568cam\a22001693a\4500
=001  53141
=003  PGUSA
=005  20161217030035.0
=008  160924s2016||||xxu|||||s|||||000\|\eng\d
=040  \\ $a PGUSA $b eng
=042  \\ $a dc
=100  1\ $a Hornaday, William T. $q (William Temple), $d 1854-1937
=245  10 $a Popular Official Guide to the New York Zoological Park (September 1915) : $b $b Thirteenth Edition $h [electronic resource] / $c William T. Hornaday
=260  \\ $b Project Gutenberg, $c 2016
=506  \\ $a Public domain in the USA.
=516  \\ $a Text
=830  \0 $a Project Gutenberg $v 53141
=856  40 $u http://www.gutenberg.org/ebooks/53141

