=LDR  00658nas  2200193uu 4500
=000  00568cam\a22001693a\4500
=001  53144
=003  PGUSA
=005  20161217030035.0
=008  160925s2016||||xxu|||||s|||||000\|\eng\d
=040  \\ $a PGUSA $b eng
=042  \\ $a dc
=100  1\ $a Thompson, Edward Maunde
=245  10 $a Correspondence of the Family of Haddock 1657-1719 : $b $b The Camden Miscellany: Volume the Eighth $h [electronic resource] / $c Edward Maunde Thompson
=260  \\ $b Project Gutenberg, $c 2016
=506  \\ $a Public domain in the USA.
=516  \\ $a Text
=830  \0 $a Project Gutenberg $v 53144
=856  40 $u http://www.gutenberg.org/ebooks/53144

