=LDR  00619nas  2200193uu 4500
=000  00568cam\a22001693a\4500
=001  53146
=003  PGUSA
=005  20161217030035.0
=008  160925s2016||||xxu|||||s|||||000\|\swe\d
=040  \\ $a PGUSA $b swe
=042  \\ $a dc
=100  1\ $a Brohlin, Karl
=245  10 $a Jorden och solsystemet : $b $b Några blad ur historien om vetenskapens strider $h [electronic resource] / $c Karl Brohlin
=260  \\ $b Project Gutenberg, $c 2016
=506  \\ $a Public domain in the USA.
=516  \\ $a Text
=830  \0 $a Project Gutenberg $v 53146
=856  40 $u http://www.gutenberg.org/ebooks/53146

