=LDR  00650nas  2200193uu 4500
=000  00568cam\a22001693a\4500
=001  53147
=003  PGUSA
=005  20161217030035.0
=008  160926s2016||||xxu|||||s|||||000\|\fre\d
=040  \\ $a PGUSA $b fre
=042  \\ $a dc
=100  1\ $a Durer, Albert
=245  10 $a Albert Durer a Venise et dans les Pays-Bas : $b $b autobiographie, lettres, journal de voyages, papiers divers $h [electronic resource] / $c Albert Durer
=260  \\ $b Project Gutenberg, $c 2016
=506  \\ $a Public domain in the USA.
=516  \\ $a Text
=830  \0 $a Project Gutenberg $v 53147
=856  40 $u http://www.gutenberg.org/ebooks/53147

