=LDR  00544nas  2200193uu 4500
=000  00568cam\a22001693a\4500
=001  53150
=003  PGUSA
=005  20161217030035.0
=008  160926s2016||||xxu|||||s|||||000\|\fin\d
=040  \\ $a PGUSA $b fin
=042  \\ $a dc
=100  1\ $a Apuleius
=245  10 $a Amor ja Psyke $h [electronic resource] / $c Apuleius
=260  \\ $b Project Gutenberg, $c 2016
=506  \\ $a Public domain in the USA.
=516  \\ $a Text
=830  \0 $a Project Gutenberg $v 53150
=856  40 $u http://www.gutenberg.org/ebooks/53150

