=LDR  00635nas  2200193uu 4500
=000  00568cam\a22001693a\4500
=001  53151
=003  PGUSA
=005  20161217030035.0
=008  160927s2016||||xxu|||||s|||||000\|\eng\d
=040  \\ $a PGUSA $b eng
=042  \\ $a dc
=100  1\ $a Adcock, Arthur St. John, $d 1864-1930
=245  10 $a In The Firing Line : $b $b Stories of the War By Land and Sea $h [electronic resource] / $c Arthur St. John Adcock
=260  \\ $b Project Gutenberg, $c 2016
=506  \\ $a Public domain in the USA.
=516  \\ $a Text
=830  \0 $a Project Gutenberg $v 53151
=856  40 $u http://www.gutenberg.org/ebooks/53151

