=LDR  00731nas  2200193uu 4500
=000  00568cam\a22001693a\4500
=001  53156
=003  PGUSA
=005  20161217030035.0
=008  160928s2016||||xxu|||||s|||||000\|\eng\d
=040  \\ $a PGUSA $b eng
=042  \\ $a dc
=100  1\ $a Bell, J. J. $q (John Joy), $d 1871-1934
=245  10 $a Rhymes of Northern Bards : $b $b Being a Curious Collection of Old and New Songs and Poems, Peculiar to the Counties of Newcastle upon Tyne, Northumberland, and Durham $h [electronic resource] / $c J. J. Bell
=260  \\ $b Project Gutenberg, $c 2016
=506  \\ $a Public domain in the USA.
=516  \\ $a Text
=830  \0 $a Project Gutenberg $v 53156
=856  40 $u http://www.gutenberg.org/ebooks/53156

