=LDR  00596nas  2200193uu 4500
=000  00568cam\a22001693a\4500
=001  53157
=003  PGUSA
=005  20161217030035.0
=008  160928s2016||||xxu|||||s|||||000\|\eng\d
=040  \\ $a PGUSA $b eng
=042  \\ $a dc
=100  1\ $a Powys, John Cowper, $d 1872-1963
=245  10 $a Wood and Stone : $b $b A Romance $h [electronic resource] / $c John Cowper Powys
=260  \\ $b Project Gutenberg, $c 2016
=506  \\ $a Public domain in the USA.
=516  \\ $a Text
=830  \0 $a Project Gutenberg $v 53157
=856  40 $u http://www.gutenberg.org/ebooks/53157

