=LDR  00617nas  2200193uu 4500
=000  00568cam\a22001693a\4500
=001  53165
=003  PGUSA
=005  20161217030035.0
=008  160928s2016||||xxu|||||s|||||000\|\eng\d
=040  \\ $a PGUSA $b eng
=042  \\ $a dc
=100  1\ $a Byron, May Clarissa Gillington, $d -1936
=245  12 $a A Day with Robert Louis Stevenson $h [electronic resource] / $c May Clarissa Gillington Byron
=260  \\ $b Project Gutenberg, $c 2016
=506  \\ $a Public domain in the USA.
=516  \\ $a Text
=830  \0 $a Project Gutenberg $v 53165
=856  40 $u http://www.gutenberg.org/ebooks/53165

