=LDR  00829nas  2200265uu 4500
=000  00568cam\a22001693a\4500
=001  53166
=003  PGUSA
=005  20161217030035.0
=008  160929s2016||||xxu|||||s|||||000\1\eng\d
=040  \\ $a PGUSA $b eng
=042  \\ $a dc
=050  \4$aPZ
=100  1\ $a Wells, Carolyn, $d 1862-1942
=245  10 $a Dick and Dolly $h [electronic resource] / $c Carolyn Wells
=260  \\ $b Project Gutenberg, $c 2016
=506  \\ $a Public domain in the USA.
=516  \\ $a Text
=653  \\ $a Orphans -- Juvenile fiction
=653  \\ $a Brothers and sisters -- Juvenile fiction
=653  \\ $a Children -- Juvenile fiction
=653  \\ $a Twins -- Juvenile fiction
=653  \\ $a Aunts -- Juvenile fiction
=830  \0 $a Project Gutenberg $v 53166
=856  40 $u http://www.gutenberg.org/ebooks/53166

