=LDR  00576nas  2200193uu 4500
=000  00568cam\a22001693a\4500
=001  53173
=003  PGUSA
=005  20161217030035.0
=008  160930s2016||||xxu|||||s|||||000\|\swe\d
=040  \\ $a PGUSA $b swe
=042  \\ $a dc
=100  1\ $a Nyblom, Helena, $d 1843-1926
=245  10 $a Helena Nybloms Sagor $h [electronic resource] / $c Helena Nyblom
=260  \\ $b Project Gutenberg, $c 2016
=506  \\ $a Public domain in the USA.
=516  \\ $a Text
=830  \0 $a Project Gutenberg $v 53173
=856  40 $u http://www.gutenberg.org/ebooks/53173

