=LDR  00551nas  2200181uu 4500
=000  00568cam\a22001693a\4500
=001  53178
=003  PGUSA
=005  20161217030035.0
=008  160930s2016||||xxu|||||s|||||000\|\eng\d
=040  \\ $a PGUSA $b eng
=042  \\ $a dc
=245  10 $a Stories and Sketches : $b $b by our best authors $h [electronic resource] / $c Various
=260  \\ $b Project Gutenberg, $c 2016
=506  \\ $a Public domain in the USA.
=516  \\ $a Text
=830  \0 $a Project Gutenberg $v 53178
=856  40 $u http://www.gutenberg.org/ebooks/53178

