=LDR  00591nas  2200193uu 4500
=000  00568cam\a22001693a\4500
=001  53181
=003  PGUSA
=005  20161217030035.0
=008  161001s2016||||xxu|||||s|||||000\|\fin\d
=040  \\ $a PGUSA $b fin
=042  \\ $a dc
=100  1\ $a Wells, H. G. $q (Herbert George), $d 1866-1946
=245  10 $a Eräitä kertoelmia $h [electronic resource] / $c H. G. Wells
=260  \\ $b Project Gutenberg, $c 2016
=506  \\ $a Public domain in the USA.
=516  \\ $a Text
=830  \0 $a Project Gutenberg $v 53181
=856  40 $u http://www.gutenberg.org/ebooks/53181

