=LDR  00592nas  2200193uu 4500
=000  00568cam\a22001693a\4500
=001  53182
=003  PGUSA
=005  20161217030035.0
=008  161001s2016||||xxu|||||s|||||000\|\eng\d
=040  \\ $a PGUSA $b eng
=042  \\ $a dc
=100  1\ $a Oliphant, $c Mrs $q (Margaret), $d 1828-1897
=245  14 $a The Sorceress, v. 3 of 3 $h [electronic resource] / $c Oliphant,
=260  \\ $b Project Gutenberg, $c 2016
=506  \\ $a Public domain in the USA.
=516  \\ $a Text
=830  \0 $a Project Gutenberg $v 53182
=856  40 $u http://www.gutenberg.org/ebooks/53182

