=LDR  00659nas  2200193uu 4500
=000  00568cam\a22001693a\4500
=001  53183
=003  PGUSA
=005  20161217030035.0
=008  161001s2016||||xxu|||||s|||||000\|\fre\d
=040  \\ $a PGUSA $b fre
=042  \\ $a dc
=100  1\ $a Papin, Denis
=245  13 $a La maniere d'amolir les os, et de faire cuire : $b $b toutes sortes de viandes en fort peu de temps, and à peu de frais. $h [electronic resource] / $c Denis Papin
=260  \\ $b Project Gutenberg, $c 2016
=506  \\ $a Public domain in the USA.
=516  \\ $a Text
=830  \0 $a Project Gutenberg $v 53183
=856  40 $u http://www.gutenberg.org/ebooks/53183

