=LDR  00703nas  2200193uu 4500
=000  00568cam\a22001693a\4500
=001  53185
=003  PGUSA
=005  20161217030035.0
=008  161001s2016||||xxu|||||s|||||000\|\spa\d
=040  \\ $a PGUSA $b spa
=042  \\ $a dc
=100  1\ $a -, Real Academia de la Historia
=245  10 $a Colección de Documentos Inéditos Relativos al Descubrimiento, Conquista y Organización de las Antiguas Posesiones Españolas $h [electronic resource] / $c Real Academia de la Historia -
=260  \\ $b Project Gutenberg, $c 2016
=506  \\ $a Public domain in the USA.
=516  \\ $a Text
=830  \0 $a Project Gutenberg $v 53185
=856  40 $u http://www.gutenberg.org/ebooks/53185

