=LDR  00642nas  2200193uu 4500
=000  00568cam\a22001693a\4500
=001  53186
=003  PGUSA
=005  20161217030035.0
=008  161002s2016||||xxu|||||s|||||000\|\eng\d
=040  \\ $a PGUSA $b eng
=042  \\ $a dc
=100  1\ $a Curtis, George Tickner
=245  10 $a Life of James Buchanan, v. 1 (of 2) : $b $b Fifteenth President of the United States $h [electronic resource] / $c George Tickner Curtis
=260  \\ $b Project Gutenberg, $c 2016
=506  \\ $a Public domain in the USA.
=516  \\ $a Text
=830  \0 $a Project Gutenberg $v 53186
=856  40 $u http://www.gutenberg.org/ebooks/53186

