=LDR  00597nas  2200193uu 4500
=000  00568cam\a22001693a\4500
=001  53196
=003  PGUSA
=005  20161217030035.0
=008  161002s2016||||xxu|||||s|||||000\|\eng\d
=040  \\ $a PGUSA $b eng
=042  \\ $a dc
=100  1\ $a Hall, H. Putnam, $d 1856-1919
=245  10 $a Annabel : $b $b A Novel for Young Folks $h [electronic resource] / $c H. Putnam Hall
=260  \\ $b Project Gutenberg, $c 2016
=506  \\ $a Public domain in the USA.
=516  \\ $a Text
=830  \0 $a Project Gutenberg $v 53196
=856  40 $u http://www.gutenberg.org/ebooks/53196

