=LDR  00614nas  2200193uu 4500
=000  00568cam\a22001693a\4500
=001  53198
=003  PGUSA
=005  20161217030035.0
=008  161002s2016||||xxu|||||s|||||000\|\eng\d
=040  \\ $a PGUSA $b eng
=042  \\ $a dc
=100  1\ $a McKechnie, Jean Lyttleton
=245  10 $a Penny Allen and the Mystery of the Hidden Treasure $h [electronic resource] / $c Jean Lyttleton McKechnie
=260  \\ $b Project Gutenberg, $c 2016
=506  \\ $a Public domain in the USA.
=516  \\ $a Text
=830  \0 $a Project Gutenberg $v 53198
=856  40 $u http://www.gutenberg.org/ebooks/53198

