=LDR  00602nas  2200193uu 4500
=000  00568cam\a22001693a\4500
=001  53200
=003  PGUSA
=005  20161217030035.0
=008  161002s2016||||xxu|||||s|||||000\|\eng\d
=040  \\ $a PGUSA $b eng
=042  \\ $a dc
=100  1\ $a Vandercook, Margaret, $d 1876-
=245  14 $a The Camp Fire Girls by the Blue Lagoon $h [electronic resource] / $c Margaret Vandercook
=260  \\ $b Project Gutenberg, $c 2016
=506  \\ $a Public domain in the USA.
=516  \\ $a Text
=830  \0 $a Project Gutenberg $v 53200
=856  40 $u http://www.gutenberg.org/ebooks/53200

