=LDR  00627nas  2200193uu 4500
=000  00568cam\a22001693a\4500
=001  53201
=003  PGUSA
=005  20161217030035.0
=008  161003s2016||||xxu|||||s|||||000\|\fin\d
=040  \\ $a PGUSA $b fin
=042  \\ $a dc
=100  1\ $a Tolstoy, Leo, graf, $d 1828-1910
=245  10 $a Jumalallista ja inhimillistä : $b $b eli vielä kolme kuolemaa $h [electronic resource] / $c Leo, graf Tolstoy
=260  \\ $b Project Gutenberg, $c 2016
=506  \\ $a Public domain in the USA.
=516  \\ $a Text
=830  \0 $a Project Gutenberg $v 53201
=856  40 $u http://www.gutenberg.org/ebooks/53201

