=LDR  00768nas  2200193uu 4500
=000  00568cam\a22001693a\4500
=001  53203
=003  PGUSA
=005  20161217030035.0
=008  161003s2016||||xxu|||||s|||||000\|\eng\d
=040  \\ $a PGUSA $b eng
=042  \\ $a dc
=100  1\ $a Mitchell, Conrad
=245  10 $a Complete Treatise on the mare and foal at the time of delivery, with illustrations. : $b $b Also on cows and calves, with stallion and mare, when diseased by Gonorrhea (clap) or Pox, also Diarrhea and Costiveness in Colts. $h [electronic resource] / $c Conrad Mitchell
=260  \\ $b Project Gutenberg, $c 2016
=506  \\ $a Public domain in the USA.
=516  \\ $a Text
=830  \0 $a Project Gutenberg $v 53203
=856  40 $u http://www.gutenberg.org/ebooks/53203

