=LDR  00680nas  2200193uu 4500
=000  00568cam\a22001693a\4500
=001  53204
=003  PGUSA
=005  20161217030035.0
=008  161004s2016||||xxu|||||s|||||000\|\eng\d
=040  \\ $a PGUSA $b eng
=042  \\ $a dc
=100  1\ $a Wetmore, Claude H. $q (Claude Hazeltine)
=245  10 $a Incaland : $b $b A Story of Adventure in the Interior of Peru and the Closing Chapters of the War with Chile $h [electronic resource] / $c Claude H. Wetmore
=260  \\ $b Project Gutenberg, $c 2016
=506  \\ $a Public domain in the USA.
=516  \\ $a Text
=830  \0 $a Project Gutenberg $v 53204
=856  40 $u http://www.gutenberg.org/ebooks/53204

