=LDR  00681nas  2200193uu 4500
=000  00568cam\a22001693a\4500
=001  53205
=003  PGUSA
=005  20161217030035.0
=008  161004s2016||||xxu|||||s|||||000\|\eng\d
=040  \\ $a PGUSA $b eng
=042  \\ $a dc
=100  1\ $a Morrison, A. J. W. $q (Alexander James William), $d 1806-1865
=245  10 $a Letters from Switzerland and Travels in Italy : $b $b Truth and Poetry: from my own Life $h [electronic resource] / $c A. J. W. Morrison
=260  \\ $b Project Gutenberg, $c 2016
=506  \\ $a Public domain in the USA.
=516  \\ $a Text
=830  \0 $a Project Gutenberg $v 53205
=856  40 $u http://www.gutenberg.org/ebooks/53205

