=LDR  01472nas  2200217uu 4500
=000  00568cam\a22001693a\4500
=001  53206
=003  PGUSA
=005  20161217030035.0
=008  161004s2016||||xxu|||||s|||||000\p\eng\d
=040  \\ $a PGUSA $b eng
=042  \\ $a dc
=050  \4$aPR
=245  10 $a Selections from Modern Poets : $b $b Made by J. C. Squire $h [electronic resource]
=260  \\ $b Project Gutenberg, $c 2016
=505  0\ $a Lascelles Abercrombie -- Martin Armstrong -- Maurice Baring -- Hilaire Belloc -- Edmund Blunden -- Gordon Bottomley -- Rupert Brooke -- Francis Burrows -- A. Y. Campbell -- G. K. Chesterton -- Padraic Colum -- Frances Cornford -- W. H. Davies -- Edward L. Davison -- Walter De La Mare -- John Drinkwater -- R. C. K. Ensor -- James Elroy Flecker -- Robin Flower -- John Freeman -- Robert Graves -- Julian Grenfell -- Ivor Gurney -- Ralph Hodgson -- James Joyce -- D. H. Lawrence -- Francis Ledwidge -- Rose Macaulay -- Thomas MacDonagh -- John Masefield -- Harold Monro -- Sturge Moore -- Robert Nichols -- Seumas O'Sullivan -- Wilfred Owen -- Joseph Plunkett -- Siegfried Sassoon -- Edward Shanks -- C. H. Sorley -- James Stephens -- Edward Wyndham Tennant -- Edward Thomas -- W. J. Turner -- Iolo Aneurin Williams -- Francis Brett Young.
=506  \\ $a Public domain in the USA.
=516  \\ $a Text
=653  \\ $a English poetry -- 20th century
=830  \0 $a Project Gutenberg $v 53206
=856  40 $u http://www.gutenberg.org/ebooks/53206

