=LDR  00638nas  2200193uu 4500
=000  00568cam\a22001693a\4500
=001  53207
=003  PGUSA
=005  20161217030035.0
=008  161004s2016||||xxu|||||s|||||000\|\spa\d
=040  \\ $a PGUSA $b spa
=042  \\ $a dc
=100  1\ $a Shakespeare, William, $d 1564-1616
=245  10 $a Dramas : $b $b El Mercader de Venecia, Macbeth, Romeo y Julieta, Otelo $h [electronic resource] / $c William Shakespeare
=260  \\ $b Project Gutenberg, $c 2016
=506  \\ $a Public domain in the USA.
=516  \\ $a Text
=830  \0 $a Project Gutenberg $v 53207
=856  40 $u http://www.gutenberg.org/ebooks/53207

