=LDR  00583nas  2200193uu 4500
=000  00568cam\a22001693a\4500
=001  53208
=003  PGUSA
=005  20161217030035.0
=008  161004s2016||||xxu|||||s|||||000\|\ita\d
=040  \\ $a PGUSA $b ita
=042  \\ $a dc
=100  1\ $a Aleramo, Sibilla, $d 1876-1960
=245  10 $a Momenti : $b $b Liriche $h [electronic resource] / $c Sibilla Aleramo
=260  \\ $b Project Gutenberg, $c 2016
=506  \\ $a Public domain in the USA.
=516  \\ $a Text
=830  \0 $a Project Gutenberg $v 53208
=856  40 $u http://www.gutenberg.org/ebooks/53208

