=LDR  00717nas  2200193uu 4500
=000  00568cam\a22001693a\4500
=001  53222
=003  PGUSA
=005  20161217030035.0
=008  161006s2016||||xxu|||||s|||||000\|\eng\d
=040  \\ $a PGUSA $b eng
=042  \\ $a dc
=100  1\ $a Arnold, Whately C.
=245  10 $a Royal Railways with Uniform Rates : $b $b A proposal for amalgamation of Railways with the General Post Office and adoption of uniform fares and rates for any distance $h [electronic resource] / $c Whately C. Arnold
=260  \\ $b Project Gutenberg, $c 2016
=506  \\ $a Public domain in the USA.
=516  \\ $a Text
=830  \0 $a Project Gutenberg $v 53222
=856  40 $u http://www.gutenberg.org/ebooks/53222

