=LDR  00610nas  2200193uu 4500
=000  00568cam\a22001693a\4500
=001  53236
=003  PGUSA
=005  20161217030035.0
=008  161009s2016||||xxu|||||s|||||000\|\eng\d
=040  \\ $a PGUSA $b eng
=042  \\ $a dc
=100  1\ $a Preston, Effa E.
=245  12 $a A Thanksgiving Dream : $b $b A One Act Play for Primary Children $h [electronic resource] / $c Effa E. Preston
=260  \\ $b Project Gutenberg, $c 2016
=506  \\ $a Public domain in the USA.
=516  \\ $a Text
=830  \0 $a Project Gutenberg $v 53236
=856  40 $u http://www.gutenberg.org/ebooks/53236

