=LDR  00602nas  2200193uu 4500
=000  00568cam\a22001693a\4500
=001  53239
=003  PGUSA
=005  20161217030035.0
=008  161009s2016||||xxu|||||s|||||000\|\ger\d
=040  \\ $a PGUSA $b ger
=042  \\ $a dc
=100  1\ $a Lasker-Schüler, Else
=245  10 $a Gesichte : $b $b Essays und andere Geschichten $h [electronic resource] / $c Else Lasker-Schüler
=260  \\ $b Project Gutenberg, $c 2016
=506  \\ $a Public domain in the USA.
=516  \\ $a Text
=830  \0 $a Project Gutenberg $v 53239
=856  40 $u http://www.gutenberg.org/ebooks/53239

