=LDR  00642nas  2200193uu 4500
=000  00568cam\a22001693a\4500
=001  53241
=003  PGUSA
=005  20161217030035.0
=008  161009s2016||||xxu|||||s|||||000\|\eng\d
=040  \\ $a PGUSA $b eng
=042  \\ $a dc
=100  1\ $a Hughes, Thomas, $d 1822-1896
=245  14 $a The Scouring of the White Horse : $b $b Or, The Long Vacation Ramble of a London Clerk $h [electronic resource] / $c Thomas Hughes
=260  \\ $b Project Gutenberg, $c 2016
=506  \\ $a Public domain in the USA.
=516  \\ $a Text
=830  \0 $a Project Gutenberg $v 53241
=856  40 $u http://www.gutenberg.org/ebooks/53241

