=LDR  00667nas  2200193uu 4500
=000  00568cam\a22001693a\4500
=001  53244
=003  PGUSA
=005  20161217030035.0
=008  161010s2016||||xxu|||||s|||||000\|\eng\d
=040  \\ $a PGUSA $b eng
=042  \\ $a dc
=100  1\ $a Kerry-Nicholls, J. H.
=245  14 $a The King Country; or, Explorations in New Zealand : $b $b A Narrative of 600 Miles of Travel Through Maoriland. $h [electronic resource] / $c J. H. Kerry-Nicholls
=260  \\ $b Project Gutenberg, $c 2016
=506  \\ $a Public domain in the USA.
=516  \\ $a Text
=830  \0 $a Project Gutenberg $v 53244
=856  40 $u http://www.gutenberg.org/ebooks/53244

