=LDR  00557nas  2200181uu 4500
=000  00568cam\a22001693a\4500
=001  53246
=003  PGUSA
=005  20161217030035.0
=008  161010s2016||||xxu|||||s|||||000\|\fin\d
=040  \\ $a PGUSA $b fin
=042  \\ $a dc
=245  10 $a Wanhain Suomalaisten Tawaliset ja Suloiset Sananlascut $h [electronic resource] / $c Various
=260  \\ $b Project Gutenberg, $c 2016
=506  \\ $a Public domain in the USA.
=516  \\ $a Text
=830  \0 $a Project Gutenberg $v 53246
=856  40 $u http://www.gutenberg.org/ebooks/53246

