=LDR  00615nas  2200193uu 4500
=000  00568cam\a22001693a\4500
=001  53247
=003  PGUSA
=005  20161217030035.0
=008  161010s2016||||xxu|||||s|||||000\|\fre\d
=040  \\ $a PGUSA $b fre
=042  \\ $a dc
=100  1\ $a Maupassant, Guy de, $d 1850-1893
=245  10 $a OEuvres complètes de Guy de Maupassant - volume 09 $h [electronic resource] / $c Guy de Maupassant
=260  \\ $b Project Gutenberg, $c 2016
=506  \\ $a Public domain in the USA.
=516  \\ $a Text
=830  \0 $a Project Gutenberg $v 53247
=856  40 $u http://www.gutenberg.org/ebooks/53247

