=LDR  00601nas  2200193uu 4500
=000  00568cam\a22001693a\4500
=001  53253
=003  PGUSA
=005  20161217030035.0
=008  161010s2016||||xxu|||||s|||||000\|\swe\d
=040  \\ $a PGUSA $b swe
=042  \\ $a dc
=100  1\ $a Falkman, Charlotta, $d 1795-1882
=245  10 $a Leonna : $b $b En skildring ur lifvet $h [electronic resource] / $c Charlotta Falkman
=260  \\ $b Project Gutenberg, $c 2016
=506  \\ $a Public domain in the USA.
=516  \\ $a Text
=830  \0 $a Project Gutenberg $v 53253
=856  40 $u http://www.gutenberg.org/ebooks/53253

