=LDR  00728nas  2200193uu 4500
=000  00568cam\a22001693a\4500
=001  53254
=003  PGUSA
=005  20161217030035.0
=008  161010s2016||||xxu|||||s|||||000\|\eng\d
=040  \\ $a PGUSA $b eng
=042  \\ $a dc
=100  1\ $a Burton, Richard Francis, $c Sir, $d 1821-1890
=245  12 $a A plain and literal translation of the Arabian nights entertainments, now entituled The Book of the Thousand Nights and a Night, Volume 4 (of 17) $h [electronic resource] / $c Richard Francis, Burton
=260  \\ $b Project Gutenberg, $c 2016
=506  \\ $a Public domain in the USA.
=516  \\ $a Text
=830  \0 $a Project Gutenberg $v 53254
=856  40 $u http://www.gutenberg.org/ebooks/53254

