=LDR  00591nas  2200193uu 4500
=000  00568cam\a22001693a\4500
=001  53256
=003  PGUSA
=005  20161217030035.0
=008  161011s2016||||xxu|||||s|||||000\|\eng\d
=040  \\ $a PGUSA $b eng
=042  \\ $a dc
=100  1\ $a Molineux, Roland Burnham
=245  14 $a The Room with the Little Door $h [electronic resource] / $c Roland Burnham Molineux
=260  \\ $b Project Gutenberg, $c 2016
=506  \\ $a Public domain in the USA.
=516  \\ $a Text
=830  \0 $a Project Gutenberg $v 53256
=856  40 $u http://www.gutenberg.org/ebooks/53256

