=LDR  00667nas  2200193uu 4500
=000  00568cam\a22001693a\4500
=001  53264
=003  PGUSA
=005  20161217030035.0
=008  161012s2016||||xxu|||||s|||||000\|\eng\d
=040  \\ $a PGUSA $b eng
=042  \\ $a dc
=100  1\ $a Oman, Charles, $d 1860-1946
=245  12 $a A History of the Peninsula war, Vol. I 1807-1809 : $b $b From the Treaty of Fontainbleau To the Battle of Corunna $h [electronic resource] / $c Charles Oman
=260  \\ $b Project Gutenberg, $c 2016
=506  \\ $a Public domain in the USA.
=516  \\ $a Text
=830  \0 $a Project Gutenberg $v 53264
=856  40 $u http://www.gutenberg.org/ebooks/53264

