=LDR  00657nas  2200193uu 4500
=000  00568cam\a22001693a\4500
=001  53267
=003  PGUSA
=005  20161217030035.0
=008  161012s2016||||xxu|||||s|||||000\|\eng\d
=040  \\ $a PGUSA $b eng
=042  \\ $a dc
=100  1\ $a Lord, William Barry
=245  14 $a The Corset and the Crinoline : $b $b A Book of Modes and Costumes from Remote Periods to the Present Time $h [electronic resource] / $c William Barry Lord
=260  \\ $b Project Gutenberg, $c 2016
=506  \\ $a Public domain in the USA.
=516  \\ $a Text
=830  \0 $a Project Gutenberg $v 53267
=856  40 $u http://www.gutenberg.org/ebooks/53267

