=LDR  00569nas  2200193uu 4500
=000  00568cam\a22001693a\4500
=001  53268
=003  PGUSA
=005  20161217030035.0
=008  161013s2016||||xxu|||||s|||||000\|\eng\d
=040  \\ $a PGUSA $b eng
=042  \\ $a dc
=100  1\ $a Frost, Lesley, $d 1899-1983
=245  10 $a Murder at Large $h [electronic resource] / $c Lesley Frost
=260  \\ $b Project Gutenberg, $c 2016
=506  \\ $a Public domain in the USA.
=516  \\ $a Text
=830  \0 $a Project Gutenberg $v 53268
=856  40 $u http://www.gutenberg.org/ebooks/53268

