=LDR  00585nas  2200193uu 4500
=000  00568cam\a22001693a\4500
=001  53269
=003  PGUSA
=005  20161217030035.0
=008  161013s2016||||xxu|||||s|||||000\|\eng\d
=040  \\ $a PGUSA $b eng
=042  \\ $a dc
=100  1\ $a Lewis, G. Dean
=245  10 $a Atom Mystery : $b $b [Young Atom Detective] $h [electronic resource] / $c G. Dean Lewis
=260  \\ $b Project Gutenberg, $c 2016
=506  \\ $a Public domain in the USA.
=516  \\ $a Text
=830  \0 $a Project Gutenberg $v 53269
=856  40 $u http://www.gutenberg.org/ebooks/53269

