=LDR  00662nas  2200193uu 4500
=000  00568cam\a22001693a\4500
=001  53273
=003  PGUSA
=005  20161217030035.0
=008  161013s2016||||xxu|||||s|||||000\|\eng\d
=040  \\ $a PGUSA $b eng
=042  \\ $a dc
=100  1\ $a Johnson, Francis, $d 1837-1908
=245  10 $a Famous Assassinations of History from Philip of Macedon, 336 B. C., to Alexander of Servia, A. D. 1903 $h [electronic resource] / $c Francis Johnson
=260  \\ $b Project Gutenberg, $c 2016
=506  \\ $a Public domain in the USA.
=516  \\ $a Text
=830  \0 $a Project Gutenberg $v 53273
=856  40 $u http://www.gutenberg.org/ebooks/53273

