=LDR  00604nas  2200193uu 4500
=000  00568cam\a22001693a\4500
=001  53274
=003  PGUSA
=005  20161217030035.0
=008  161014s2016||||xxu|||||s|||||000\|\fin\d
=040  \\ $a PGUSA $b fin
=042  \\ $a dc
=100  1\ $a Kataja, Väinö, $d 1867-1914
=245  10 $a Lain varjolla : $b $b Romaani Perä-Pohjolasta $h [electronic resource] / $c Väinö Kataja
=260  \\ $b Project Gutenberg, $c 2016
=506  \\ $a Public domain in the USA.
=516  \\ $a Text
=830  \0 $a Project Gutenberg $v 53274
=856  40 $u http://www.gutenberg.org/ebooks/53274

