=LDR  00664nas  2200193uu 4500
=000  00568cam\a22001693a\4500
=001  53275
=003  PGUSA
=005  20161217030035.0
=008  161014s2016||||xxu|||||s|||||000\|\eng\d
=040  \\ $a PGUSA $b eng
=042  \\ $a dc
=100  1\ $a Hone, William, $d 1780-1842
=245  14 $a The Every-day Book and Table Book, v. 1 (of 3) : $b $b or Everlasting Calendar of Popular Amusements, etc, etc $h [electronic resource] / $c William Hone
=260  \\ $b Project Gutenberg, $c 2016
=506  \\ $a Public domain in the USA.
=516  \\ $a Text
=830  \0 $a Project Gutenberg $v 53275
=856  40 $u http://www.gutenberg.org/ebooks/53275

