=LDR  00622nas  2200193uu 4500
=000  00568cam\a22001693a\4500
=001  53281
=003  PGUSA
=005  20161217030035.0
=008  161015s2016||||xxu|||||s|||||000\|\eng\d
=040  \\ $a PGUSA $b eng
=042  \\ $a dc
=100  1\ $a Holborn, Ian B. Stoughton
=245  14 $a The Child of the Moat : $b $b A Story for Girls. 1557 A.D. $h [electronic resource] / $c Ian B. Stoughton Holborn
=260  \\ $b Project Gutenberg, $c 2016
=506  \\ $a Public domain in the USA.
=516  \\ $a Text
=830  \0 $a Project Gutenberg $v 53281
=856  40 $u http://www.gutenberg.org/ebooks/53281

