=LDR  00571nas  2200193uu 4500
=000  00568cam\a22001693a\4500
=001  53283
=003  PGUSA
=005  20161217030035.0
=008  161015s2016||||xxu|||||s|||||000\|\ger\d
=040  \\ $a PGUSA $b ger
=042  \\ $a dc
=100  1\ $a Lilienfein, Heinrich
=245  14 $a Die große Stille $h [electronic resource] / $c Heinrich Lilienfein
=260  \\ $b Project Gutenberg, $c 2016
=506  \\ $a Public domain in the USA.
=516  \\ $a Text
=830  \0 $a Project Gutenberg $v 53283
=856  40 $u http://www.gutenberg.org/ebooks/53283

