=LDR  00619nas  2200181uu 4500
=000  00568cam\a22001693a\4500
=001  53286
=003  PGUSA
=005  20161217030035.0
=008  161016s2016||||xxu|||||s|||||000\|\eng\d
=040  \\ $a PGUSA $b eng
=042  \\ $a dc
=245  14 $a The Century Illustrated Monthly Magazine (May 1913) : $b $b Vol. LXXXVI. New Series: Vol. LXIV. May to October, 1913 $h [electronic resource] / $c Various
=260  \\ $b Project Gutenberg, $c 2016
=506  \\ $a Public domain in the USA.
=516  \\ $a Text
=830  \0 $a Project Gutenberg $v 53286
=856  40 $u http://www.gutenberg.org/ebooks/53286

