=LDR  00618nas  2200193uu 4500
=000  00568cam\a22001693a\4500
=001  53287
=003  PGUSA
=005  20161217030035.0
=008  161015s2016||||xxu|||||s|||||000\|\ita\d
=040  \\ $a PGUSA $b ita
=042  \\ $a dc
=100  1\ $a Palazzeschi, Aldo
=245  10 $a L'Incendiario : $b $b col rapporto sulla vittoria futurista di Trieste $h [electronic resource] / $c Aldo Palazzeschi
=260  \\ $b Project Gutenberg, $c 2016
=506  \\ $a Public domain in the USA.
=516  \\ $a Text
=830  \0 $a Project Gutenberg $v 53287
=856  40 $u http://www.gutenberg.org/ebooks/53287

