=LDR  00631nas  2200193uu 4500
=000  00568cam\a22001693a\4500
=001  53300
=003  PGUSA
=005  20161217030035.0
=008  161017s2016||||xxu|||||s|||||000\|\eng\d
=040  \\ $a PGUSA $b eng
=042  \\ $a dc
=100  1\ $a Wood, J. G. $q (John George), $d 1827-1889
=245  10 $a Nature's Teachings : $b $b Human Invention Anticipated by Nature $h [electronic resource] / $c J. G. Wood
=260  \\ $b Project Gutenberg, $c 2016
=506  \\ $a Public domain in the USA.
=516  \\ $a Text
=830  \0 $a Project Gutenberg $v 53300
=856  40 $u http://www.gutenberg.org/ebooks/53300

