=LDR  00616nas  2200193uu 4500
=000  00568cam\a22001693a\4500
=001  53302
=003  PGUSA
=005  20161217030035.0
=008  161017s2016||||xxu|||||s|||||000\|\eng\d
=040  \\ $a PGUSA $b eng
=042  \\ $a dc
=100  1\ $a Wrenn, Charles L. $q (Charles Lewis), $d 1880-1952
=245  14 $a The Boy Inventor's Wireless Triumph $h [electronic resource] / $c Charles L. Wrenn
=260  \\ $b Project Gutenberg, $c 2016
=506  \\ $a Public domain in the USA.
=516  \\ $a Text
=830  \0 $a Project Gutenberg $v 53302
=856  40 $u http://www.gutenberg.org/ebooks/53302

