=LDR  00697nas  2200193uu 4500
=000  00568cam\a22001693a\4500
=001  53305
=003  PGUSA
=005  20161217030035.0
=008  161017s2016||||xxu|||||s|||||000\|\eng\d
=040  \\ $a PGUSA $b eng
=042  \\ $a dc
=100  1\ $a Pepper, William, $d 1843-1898
=245  12 $a A System of Practical Medicine By American Authors, Vol. III : $b $b Diseases of the Respiratory, Circulatory, and Hæmatopoietic Systems $h [electronic resource] / $c William Pepper
=260  \\ $b Project Gutenberg, $c 2016
=506  \\ $a Public domain in the USA.
=516  \\ $a Text
=830  \0 $a Project Gutenberg $v 53305
=856  40 $u http://www.gutenberg.org/ebooks/53305

