=LDR  00578nas  2200193uu 4500
=000  00568cam\a22001693a\4500
=001  53307
=003  PGUSA
=005  20161217030035.0
=008  161018s2016||||xxu|||||s|||||000\|\eng\d
=040  \\ $a PGUSA $b eng
=042  \\ $a dc
=100  1\ $a Zimmer, Kevin J.
=245  12 $a A Birder's Guide to North Dakota $h [electronic resource] / $c Kevin J. Zimmer
=260  \\ $b Project Gutenberg, $c 2016
=506  \\ $a Public domain in the USA.
=516  \\ $a Text
=830  \0 $a Project Gutenberg $v 53307
=856  40 $u http://www.gutenberg.org/ebooks/53307

