=LDR  00655nas  2200193uu 4500
=000  00568cam\a22001693a\4500
=001  53308
=003  PGUSA
=005  20161217030035.0
=008  161018s2016||||xxu|||||s|||||000\|\eng\d
=040  \\ $a PGUSA $b eng
=042  \\ $a dc
=100  1\ $a Cannon, Richard
=245  10 $a Historical Record of the Eighteenth or The Royal Irish Regiment of Foot : $b From Its Formation in 1684 to 1848 $h [electronic resource] / $c Richard Cannon
=260  \\ $b Project Gutenberg, $c 2016
=506  \\ $a Public domain in the USA.
=516  \\ $a Text
=830  \0 $a Project Gutenberg $v 53308
=856  40 $u http://www.gutenberg.org/ebooks/53308

