=LDR  00707nas  2200193uu 4500
=000  00568cam\a22001693a\4500
=001  53309
=003  PGUSA
=005  20161217030035.0
=008  161018s2016||||xxu|||||s|||||000\|\fre\d
=040  \\ $a PGUSA $b fre
=042  \\ $a dc
=100  1\ $a Héricourt, Jenny P. d', $d 1809-1875
=245  13 $a La femme affranchie vol. 1 of 2 : $b $b Réponse à MM. Michelet, Proudhon, E. de Girardin, A. Comte et aux autres novateurs modernes $h [electronic resource] / $c Jenny P. d' Héricourt
=260  \\ $b Project Gutenberg, $c 2016
=506  \\ $a Public domain in the USA.
=516  \\ $a Text
=830  \0 $a Project Gutenberg $v 53309
=856  40 $u http://www.gutenberg.org/ebooks/53309

