=LDR  00615nas  2200193uu 4500
=000  00568cam\a22001693a\4500
=001  53314
=003  PGUSA
=005  20161217030035.0
=008  161018s2016||||xxu|||||s|||||000\|\eng\d
=040  \\ $a PGUSA $b eng
=042  \\ $a dc
=100  1\ $a Mackenzie, R. Shelton $q (Robert Shelton), $d 1809-1880
=245  10 $a America : $b $b A history $h [electronic resource] / $c R. Shelton Mackenzie
=260  \\ $b Project Gutenberg, $c 2016
=506  \\ $a Public domain in the USA.
=516  \\ $a Text
=830  \0 $a Project Gutenberg $v 53314
=856  40 $u http://www.gutenberg.org/ebooks/53314

