=LDR  00542nas  2200193uu 4500
=000  00568cam\a22001693a\4500
=001  53315
=003  PGUSA
=005  20161217030035.0
=008  161018s2016||||xxu|||||s|||||000\|\lat\d
=040  \\ $a PGUSA $b lat
=042  \\ $a dc
=100  1\ $a Hesiod
=245  10 $a Hesiodi Carmina $h [electronic resource] / $c Hesiod
=260  \\ $b Project Gutenberg, $c 2016
=506  \\ $a Public domain in the USA.
=516  \\ $a Text
=830  \0 $a Project Gutenberg $v 53315
=856  40 $u http://www.gutenberg.org/ebooks/53315

