=LDR  00787nas  2200193uu 4500
=000  00568cam\a22001693a\4500
=001  53316
=003  PGUSA
=005  20161217030035.0
=008  161018s2016||||xxu|||||s|||||000\|\eng\d
=040  \\ $a PGUSA $b eng
=042  \\ $a dc
=100  1\ $a Senior, Nassau W.
=245  10 $a Statement of the Provision for the Poor, and of the Condition of the Labouring Classes in a Considerable Portion of America and Europe : $b $b Being the preface to the foreign communications contained in the appendix to the Poor-Law Report $h [electronic resource] / $c Nassau W. Senior
=260  \\ $b Project Gutenberg, $c 2016
=506  \\ $a Public domain in the USA.
=516  \\ $a Text
=830  \0 $a Project Gutenberg $v 53316
=856  40 $u http://www.gutenberg.org/ebooks/53316

