=LDR  00574nas  2200193uu 4500
=000  00568cam\a22001693a\4500
=001  53321
=003  PGUSA
=005  20161217030035.0
=008  161019s2016||||xxu|||||s|||||000\|\fre\d
=040  \\ $a PGUSA $b fre
=042  \\ $a dc
=100  1\ $a Tailhade, Laurent, $d 1854-1919
=245  13 $a Le Satyricon $h [electronic resource] / $c Laurent Tailhade
=260  \\ $b Project Gutenberg, $c 2016
=506  \\ $a Public domain in the USA.
=516  \\ $a Text
=830  \0 $a Project Gutenberg $v 53321
=856  40 $u http://www.gutenberg.org/ebooks/53321

