=LDR  00866nas  2200265uu 4500
=000  00568cam\a22001693a\4500
=001  53323
=003  PGUSA
=005  20161217030035.0
=008  161019s2016||||xxu|||||s|||||000\p\eng\d
=040  \\ $a PGUSA $b eng
=042  \\ $a dc
=050  \4$aPZ
=100  1\ $a Barbauld, $c Mrs $q (Anna Letitia), $d 1743-1825
=245  10 $a Evenings at Home; Or, The Juvenile Budget Opened $h [electronic resource] / $c Barbauld,
=260  \\ $b Project Gutenberg, $c 2016
=506  \\ $a Public domain in the USA.
=516  \\ $a Text
=653  \\ $a Children's poetry
=653  \\ $a Children's stories
=653  \\ $a Dialogues
=653  \\ $a Children -- Conduct of life -- Juvenile literature
=653  \\ $a Conduct of life -- Juvenile literature
=830  \0 $a Project Gutenberg $v 53323
=856  40 $u http://www.gutenberg.org/ebooks/53323

