=LDR  00646nas  2200193uu 4500
=000  00568cam\a22001693a\4500
=001  53327
=003  PGUSA
=005  20161217030035.0
=008  161020s2016||||xxu|||||s|||||000\|\eng\d
=040  \\ $a PGUSA $b eng
=042  \\ $a dc
=100  1\ $a Kirtland, Lucian Swift, $d 1881-1965
=245  10 $a Samurai Trails : $b $b A Chronicle of Wanderings on the Japanese High Road $h [electronic resource] / $c Lucian Swift Kirtland
=260  \\ $b Project Gutenberg, $c 2016
=506  \\ $a Public domain in the USA.
=516  \\ $a Text
=830  \0 $a Project Gutenberg $v 53327
=856  40 $u http://www.gutenberg.org/ebooks/53327

