=LDR  00624nas  2200193uu 4500
=000  00568cam\a22001693a\4500
=001  53331
=003  PGUSA
=005  20161217030035.0
=008  161021s2016||||xxu|||||s|||||000\|\fre\d
=040  \\ $a PGUSA $b fre
=042  \\ $a dc
=100  1\ $a Génin, François
=245  10 $a Lexique comparé de la langue de Molière et des écrivains du XVIIe siècle $h [electronic resource] / $c François Génin
=260  \\ $b Project Gutenberg, $c 2016
=506  \\ $a Public domain in the USA.
=516  \\ $a Text
=830  \0 $a Project Gutenberg $v 53331
=856  40 $u http://www.gutenberg.org/ebooks/53331

