=LDR  00616nas  2200193uu 4500
=000  00568cam\a22001693a\4500
=001  53333
=003  PGUSA
=005  20161217030035.0
=008  161021s2016||||xxu|||||s|||||000\|\eng\d
=040  \\ $a PGUSA $b eng
=042  \\ $a dc
=100  1\ $a Smith, Clark Ashton, $d 1893-1961
=245  10 $a Ebony and Crystal : $b $b Poems in Verse and Prose $h [electronic resource] / $c Clark Ashton Smith
=260  \\ $b Project Gutenberg, $c 2016
=506  \\ $a Public domain in the USA.
=516  \\ $a Text
=830  \0 $a Project Gutenberg $v 53333
=856  40 $u http://www.gutenberg.org/ebooks/53333

