=LDR  00649nas  2200193uu 4500
=000  00568cam\a22001693a\4500
=001  53335
=003  PGUSA
=005  20161217030035.0
=008  161021s2016||||xxu|||||s|||||000\|\eng\d
=040  \\ $a PGUSA $b eng
=042  \\ $a dc
=100  1\ $a Browning, Robert, $d 1812-1889
=245  10 $a Pomegranates from an English Garden : $b $b A selection from the poems of Robert Browning $h [electronic resource] / $c Robert Browning
=260  \\ $b Project Gutenberg, $c 2016
=506  \\ $a Public domain in the USA.
=516  \\ $a Text
=830  \0 $a Project Gutenberg $v 53335
=856  40 $u http://www.gutenberg.org/ebooks/53335

