=LDR  00805nas  2200193uu 4500
=000  00568cam\a22001693a\4500
=001  53336
=003  PGUSA
=005  20161217030035.0
=008  161021s2016||||xxu|||||s|||||000\|\eng\d
=040  \\ $a PGUSA $b eng
=042  \\ $a dc
=100  1\ $a Farmer, John Stephen
=245  14 $a The Public School Word-book : $b $b A conribution to to a historical glossary of words phrases and turns of expression obsolete and in current use peculiar to our great public schools together with some that have been or are modish at the universities $h [electronic resource] / $c John Stephen Farmer
=260  \\ $b Project Gutenberg, $c 2016
=506  \\ $a Public domain in the USA.
=516  \\ $a Text
=830  \0 $a Project Gutenberg $v 53336
=856  40 $u http://www.gutenberg.org/ebooks/53336

