=LDR  00564nas  2200193uu 4500
=000  00568cam\a22001693a\4500
=001  53342
=003  PGUSA
=005  20161217030035.0
=008  161022s2016||||xxu|||||s|||||000\|\fin\d
=040  \\ $a PGUSA $b fin
=042  \\ $a dc
=100  1\ $a Silvanto, Reino, $d 1883-1904
=245  10 $a Naisia $h [electronic resource] / $c Reino Silvanto
=260  \\ $b Project Gutenberg, $c 2016
=506  \\ $a Public domain in the USA.
=516  \\ $a Text
=830  \0 $a Project Gutenberg $v 53342
=856  40 $u http://www.gutenberg.org/ebooks/53342

