=LDR  00614nas  2200193uu 4500
=000  00568cam\a22001693a\4500
=001  53343
=003  PGUSA
=005  20161217030035.0
=008  161022s2016||||xxu|||||s|||||000\1\swe\d
=040  \\ $a PGUSA $b swe
=042  \\ $a dc
=100  1\ $a Stratton-Porter, Gene, $d 1863-1924
=245  10 $a Kardinalens frieri : $b $b En fågelhistoria $h [electronic resource] / $c Gene Stratton-Porter
=260  \\ $b Project Gutenberg, $c 2016
=506  \\ $a Public domain in the USA.
=516  \\ $a Text
=830  \0 $a Project Gutenberg $v 53343
=856  40 $u http://www.gutenberg.org/ebooks/53343

