=LDR  00726nas  2200193uu 4500
=000  00568cam\a22001693a\4500
=001  53346
=003  PGUSA
=005  20161217030035.0
=008  161022s2016||||xxu|||||s|||||000\|\eng\d
=040  \\ $a PGUSA $b eng
=042  \\ $a dc
=100  1\ $a Butler, Joseph, $d 1692-1752
=245  14 $a The Analogy of Religion to the Constitution and Course of Nature : $b $b To which are added two brief dissertations: I. On personal identity. II. On the nature of virtue. $h [electronic resource] / $c Joseph Butler
=260  \\ $b Project Gutenberg, $c 2016
=506  \\ $a Public domain in the USA.
=516  \\ $a Text
=830  \0 $a Project Gutenberg $v 53346
=856  40 $u http://www.gutenberg.org/ebooks/53346

