=LDR  00603nas  2200193uu 4500
=000  00568cam\a22001693a\4500
=001  53348
=003  PGUSA
=005  20161217030035.0
=008  161022s2016||||xxu|||||s|||||000\|\eng\d
=040  \\ $a PGUSA $b eng
=042  \\ $a dc
=100  1\ $a Somerville, E. Oe. $q (Edith Oenone), $d 1858-1949
=245  10 $a Some Irish Yesterdays $h [electronic resource] / $c E. Oe. Somerville
=260  \\ $b Project Gutenberg, $c 2016
=506  \\ $a Public domain in the USA.
=516  \\ $a Text
=830  \0 $a Project Gutenberg $v 53348
=856  40 $u http://www.gutenberg.org/ebooks/53348

