=LDR  00688nas  2200193uu 4500
=000  00568cam\a22001693a\4500
=001  53353
=003  PGUSA
=005  20161217030035.0
=008  161023s2016||||xxu|||||s|||||000\|\eng\d
=040  \\ $a PGUSA $b eng
=042  \\ $a dc
=100  1\ $a Stone, William L. $q (William Leete), $d 1792-1844
=245  10 $a Life of Joseph Brant—Thayendanegea (Vol. II) : $b $b Including the Border Wars of the American Revolution $h [electronic resource] / $c William L. Stone
=260  \\ $b Project Gutenberg, $c 2016
=506  \\ $a Public domain in the USA.
=516  \\ $a Text
=830  \0 $a Project Gutenberg $v 53353
=856  40 $u http://www.gutenberg.org/ebooks/53353

