=LDR  00596nas  2200193uu 4500
=000  00568cam\a22001693a\4500
=001  53355
=003  PGUSA
=005  20161217030035.0
=008  161023s2016||||xxu|||||s|||||000\|\spa\d
=040  \\ $a PGUSA $b spa
=042  \\ $a dc
=100  1\ $a Pérez Galdós, Benito, $d 1843-1920
=245  10 $a La novela en el tranvía $h [electronic resource] / $c Benito Pérez Galdós
=260  \\ $b Project Gutenberg, $c 2016
=506  \\ $a Public domain in the USA.
=516  \\ $a Text
=830  \0 $a Project Gutenberg $v 53355
=856  40 $u http://www.gutenberg.org/ebooks/53355

