=LDR  00616nas  2200193uu 4500
=000  00568cam\a22001693a\4500
=001  53356
=003  PGUSA
=005  20161217030035.0
=008  161024s2016||||xxu|||||s|||||000\1\eng\d
=040  \\ $a PGUSA $b eng
=042  \\ $a dc
=100  1\ $a Alexander, $c Mrs, $d 1825-1902
=245  10 $a Kate Vernon, Vol. 2 (of 3) : $b $b A Tale. In three volumes. $h [electronic resource] / $c Alexander,
=260  \\ $b Project Gutenberg, $c 2016
=506  \\ $a Public domain in the USA.
=516  \\ $a Text
=830  \0 $a Project Gutenberg $v 53356
=856  40 $u http://www.gutenberg.org/ebooks/53356

