=LDR  00610nas  2200193uu 4500
=000  00568cam\a22001693a\4500
=001  53367
=003  PGUSA
=005  20161217030035.0
=008  161025s2016||||xxu|||||s|||||000\1\dut\d
=040  \\ $a PGUSA $b dut
=042  \\ $a dc
=100  1\ $a Kieviet, Cornelis Johannes, $d 1858-1931
=245  10 $a Dik Trom en zijn Dorpsgenooten $h [electronic resource] / $c Cornelis Johannes Kieviet
=260  \\ $b Project Gutenberg, $c 2016
=506  \\ $a Public domain in the USA.
=516  \\ $a Text
=830  \0 $a Project Gutenberg $v 53367
=856  40 $u http://www.gutenberg.org/ebooks/53367

