=LDR  00665nas  2200193uu 4500
=000  00568cam\a22001693a\4500
=001  53371
=003  PGUSA
=005  20161217030035.0
=008  161026s2016||||xxu|||||s|||||000\|\eng\d
=040  \\ $a PGUSA $b eng
=042  \\ $a dc
=100  1\ $a Hutchinson, Jonathan
=245  14 $a The Haslemere Museum Gazette, Vol. 1, No. 2, June 1906 : $b $b A Journal of Objective Education and Field-Study $h [electronic resource] / $c Jonathan Hutchinson
=260  \\ $b Project Gutenberg, $c 2016
=506  \\ $a Public domain in the USA.
=516  \\ $a Text
=830  \0 $a Project Gutenberg $v 53371
=856  40 $u http://www.gutenberg.org/ebooks/53371

