=LDR  00553nas  2200193uu 4500
=000  00568cam\a22001693a\4500
=001  53372
=003  PGUSA
=005  20161217030035.0
=008  161026s2016||||xxu|||||s|||||000\1\eng\d
=040  \\ $a PGUSA $b eng
=042  \\ $a dc
=100  1\ $a Perrin, Alice
=245  10 $a Star of India $h [electronic resource] / $c Alice Perrin
=260  \\ $b Project Gutenberg, $c 2016
=506  \\ $a Public domain in the USA.
=516  \\ $a Text
=830  \0 $a Project Gutenberg $v 53372
=856  40 $u http://www.gutenberg.org/ebooks/53372

