=LDR  00575nas  2200193uu 4500
=000  00568cam\a22001693a\4500
=001  53374
=003  PGUSA
=005  20161217030035.0
=008  161027s2016||||xxu|||||s|||||000\|\fre\d
=040  \\ $a PGUSA $b fre
=042  \\ $a dc
=100  1\ $a Schwob, Marcel, $d 1867-1905
=245  13 $a Le livre de Monelle $h [electronic resource] / $c Marcel Schwob
=260  \\ $b Project Gutenberg, $c 2016
=506  \\ $a Public domain in the USA.
=516  \\ $a Text
=830  \0 $a Project Gutenberg $v 53374
=856  40 $u http://www.gutenberg.org/ebooks/53374

