=LDR  00603nas  2200193uu 4500
=000  00568cam\a22001693a\4500
=001  53375
=003  PGUSA
=005  20161217030035.0
=008  161027s2016||||xxu|||||s|||||000\p\eng\d
=040  \\ $a PGUSA $b eng
=042  \\ $a dc
=100  1\ $a Jarrett, Robert Frank
=245  10 $a Occoneechee : $b $b The Maid of the Mystic Lake $h [electronic resource] / $c Robert Frank Jarrett
=260  \\ $b Project Gutenberg, $c 2016
=506  \\ $a Public domain in the USA.
=516  \\ $a Text
=830  \0 $a Project Gutenberg $v 53375
=856  40 $u http://www.gutenberg.org/ebooks/53375

