=LDR  00571nas  2200193uu 4500
=000  00568cam\a22001693a\4500
=001  53381
=003  PGUSA
=005  20161217030035.0
=008  161027s2016||||xxu|||||s|||||000\1\fin\d
=040  \\ $a PGUSA $b fin
=042  \\ $a dc
=100  1\ $a Hardy, Thomas, $d 1840-1928
=245  10 $a Ylhäisiä naisia $h [electronic resource] / $c Thomas Hardy
=260  \\ $b Project Gutenberg, $c 2016
=506  \\ $a Public domain in the USA.
=516  \\ $a Text
=830  \0 $a Project Gutenberg $v 53381
=856  40 $u http://www.gutenberg.org/ebooks/53381

