=LDR  00668nas  2200193uu 4500
=000  00568cam\a22001693a\4500
=001  53384
=003  PGUSA
=005  20161217030035.0
=008  161027s2016||||xxu|||||s|||||000\|\eng\d
=040  \\ $a PGUSA $b eng
=042  \\ $a dc
=100  1\ $a Wollaston, A. F. R. $q (Alexander Frederick Richmond), $d 1875-1930
=245  10 $a Pygmies and Papuans : $b $b The Stone Age To-day in Dutch New Guinea $h [electronic resource] / $c A. F. R. Wollaston
=260  \\ $b Project Gutenberg, $c 2016
=506  \\ $a Public domain in the USA.
=516  \\ $a Text
=830  \0 $a Project Gutenberg $v 53384
=856  40 $u http://www.gutenberg.org/ebooks/53384

