=LDR  00606nas  2200193uu 4500
=000  00568cam\a22001693a\4500
=001  53391
=003  PGUSA
=005  20161217030035.0
=008  161028s2016||||xxu|||||s|||||000\|\eng\d
=040  \\ $a PGUSA $b eng
=042  \\ $a dc
=100  1\ $a Sherwood, M. E. W. $q (Mary Elizabeth Wilson), $d 1826-1903
=245  10 $a Home Amusements $h [electronic resource] / $c M. E. W. Sherwood
=260  \\ $b Project Gutenberg, $c 2016
=506  \\ $a Public domain in the USA.
=516  \\ $a Text
=830  \0 $a Project Gutenberg $v 53391
=856  40 $u http://www.gutenberg.org/ebooks/53391

