=LDR  00645nas  2200193uu 4500
=000  00568cam\a22001693a\4500
=001  53393
=003  PGUSA
=005  20161217030035.0
=008  161028s2016||||xxu|||||s|||||000\|\dut\d
=040  \\ $a PGUSA $b dut
=042  \\ $a dc
=100  1\ $a Cocheret, D. H., $d 1853-1928
=245  10 $a Natuurkunde in de Huiskamer : $b $b ongeveer 100 proeven met huishoudelijke voorwerpen. $h [electronic resource] / $c D. H. Cocheret
=260  \\ $b Project Gutenberg, $c 2016
=506  \\ $a Public domain in the USA.
=516  \\ $a Text
=830  \0 $a Project Gutenberg $v 53393
=856  40 $u http://www.gutenberg.org/ebooks/53393

