=LDR  00734nas  2200193uu 4500
=000  00568cam\a22001693a\4500
=001  53395
=003  PGUSA
=005  20161217030035.0
=008  161029s2016||||xxu|||||s|||||000\|\eng\d
=040  \\ $a PGUSA $b eng
=042  \\ $a dc
=100  1\ $a Spencer, Herbert, $d 1820-1903
=245  10 $a Essays : $b Scientific, Political, and Speculative; Vol. II of Three : $b Library Edition (1891), Containing Seven Essays not before Republished, and Various other Additions. $h [electronic resource] / $c Herbert Spencer
=260  \\ $b Project Gutenberg, $c 2016
=506  \\ $a Public domain in the USA.
=516  \\ $a Text
=830  \0 $a Project Gutenberg $v 53395
=856  40 $u http://www.gutenberg.org/ebooks/53395

