=LDR  00708nas  2200193uu 4500
=000  00568cam\a22001693a\4500
=001  53400
=003  PGUSA
=005  20161217030035.0
=008  161031s2016||||xxu|||||s|||||000\|\eng\d
=040  \\ $a PGUSA $b eng
=042  \\ $a dc
=100  1\ $a Williamson, Thomas
=245  14 $a The East India Vade-Mecum, v.1 : $b $b or, Complete Guide to Gentlemen Intended for the Civil, mMilitary, or Naval Service of the East India Company. Volume 1 $h [electronic resource] / $c Thomas Williamson
=260  \\ $b Project Gutenberg, $c 2016
=506  \\ $a Public domain in the USA.
=516  \\ $a Text
=830  \0 $a Project Gutenberg $v 53400
=856  40 $u http://www.gutenberg.org/ebooks/53400

