=LDR  00688nas  2200193uu 4500
=000  00568cam\a22001693a\4500
=001  53401
=003  PGUSA
=005  20161217030035.0
=008  161029s2016||||xxu|||||s|||||000\|\eng\d
=040  \\ $a PGUSA $b eng
=042  \\ $a dc
=100  1\ $a Urner, Nathan Dane
=245  10 $a Never : $b : $b A Hand-Book for the Uninitiated and Inexperienced Aspirants to Refined Society's Giddy Heights and Glittering Attainments. $h [electronic resource] / $c Nathan Dane Urner
=260  \\ $b Project Gutenberg, $c 2016
=506  \\ $a Public domain in the USA.
=516  \\ $a Text
=830  \0 $a Project Gutenberg $v 53401
=856  40 $u http://www.gutenberg.org/ebooks/53401

