=LDR  00743nas  2200193uu 4500
=000  00568cam\a22001693a\4500
=001  53404
=003  PGUSA
=005  20161217030035.0
=008  161030s2016||||xxu|||||s|||||000\|\eng\d
=040  \\ $a PGUSA $b eng
=042  \\ $a dc
=100  1\ $a Ogilvie, J. S.
=245  14 $a The Album Writer's Friend : $b $b Comprising More Than Three Hundred Choice Selections of Poetry and Prose, Suitable for Writing in Autograph Albums, Valentines, Birthday, Christmas and New Year Cards. $h [electronic resource] / $c J. S. Ogilvie
=260  \\ $b Project Gutenberg, $c 2016
=506  \\ $a Public domain in the USA.
=516  \\ $a Text
=830  \0 $a Project Gutenberg $v 53404
=856  40 $u http://www.gutenberg.org/ebooks/53404

