=LDR  00587nas  2200193uu 4500
=000  00568cam\a22001693a\4500
=001  53405
=003  PGUSA
=005  20161217030035.0
=008  161030s2016||||xxu|||||s|||||000\|\spa\d
=040  \\ $a PGUSA $b spa
=042  \\ $a dc
=100  1\ $a Payno, Manuel, $d 1832-1896
=245  13 $a El libro rojo, 1520-1867, Tomo II $h [electronic resource] / $c Manuel Payno
=260  \\ $b Project Gutenberg, $c 2016
=506  \\ $a Public domain in the USA.
=516  \\ $a Text
=830  \0 $a Project Gutenberg $v 53405
=856  40 $u http://www.gutenberg.org/ebooks/53405

