=LDR  00631nas  2200193uu 4500
=000  00568cam\a22001693a\4500
=001  53407
=003  PGUSA
=005  20161217030035.0
=008  161030s2016||||xxu|||||s|||||000\|\eng\d
=040  \\ $a PGUSA $b eng
=042  \\ $a dc
=100  1\ $a Stratemeyer, Edward, $d 1862-1930
=245  10 $a Dave Porter's Return to School : $b $b Winning the Medal of Honor $h [electronic resource] / $c Edward Stratemeyer
=260  \\ $b Project Gutenberg, $c 2016
=506  \\ $a Public domain in the USA.
=516  \\ $a Text
=830  \0 $a Project Gutenberg $v 53407
=856  40 $u http://www.gutenberg.org/ebooks/53407

