=LDR  00747nas  2200217uu 4500
=000  00568cam\a22001693a\4500
=001  53409
=003  PGUSA
=005  20161217030035.0
=008  161030s2016||||xxu|||||s|||||000\|\eng\d
=040  \\ $a PGUSA $b eng
=042  \\ $a dc
=050  \4$aQH
=100  1\ $a Humphreys, Henry Noel, $d 1810-1879
=245  10 $a Ocean Gardens. The History of the Marine Aquarium : $b $b and the best methods now adopted for its establishment and preservation. $h [electronic resource] / $c Henry Noel Humphreys
=260  \\ $b Project Gutenberg, $c 2016
=506  \\ $a Public domain in the USA.
=516  \\ $a Text
=653  \\ $a Aquariums
=830  \0 $a Project Gutenberg $v 53409
=856  40 $u http://www.gutenberg.org/ebooks/53409

