=LDR  00652nas  2200193uu 4500
=000  00568cam\a22001693a\4500
=001  53412
=003  PGUSA
=005  20161217030035.0
=008  161030s2016||||xxu|||||s|||||000\|\eng\d
=040  \\ $a PGUSA $b eng
=042  \\ $a dc
=100  1\ $a Drake, Samuel G., $d 1663-1728
=245  14 $a The Witchcraft Delusion in New England : $b Its Rise, Progress, and Termination (Vol 3 of 3) $h [electronic resource] / $c Samuel G. Drake
=260  \\ $b Project Gutenberg, $c 2016
=506  \\ $a Public domain in the USA.
=516  \\ $a Text
=830  \0 $a Project Gutenberg $v 53412
=856  40 $u http://www.gutenberg.org/ebooks/53412

