=LDR  00634nas  2200193uu 4500
=000  00568cam\a22001693a\4500
=001  53413
=003  PGUSA
=005  20161217030035.0
=008  161030s2016||||xxu|||||s|||||000\|\spa\d
=040  \\ $a PGUSA $b spa
=042  \\ $a dc
=100  1\ $a Darío, Rubén, $d 1867-1916
=245  10 $a Prosa Política (Las Repúblicas Americanas) : $b $b Obras Completas Vol. XIII $h [electronic resource] / $c Rubén Darío
=260  \\ $b Project Gutenberg, $c 2016
=506  \\ $a Public domain in the USA.
=516  \\ $a Text
=830  \0 $a Project Gutenberg $v 53413
=856  40 $u http://www.gutenberg.org/ebooks/53413

