=LDR  00578nas  2200193uu 4500
=000  00568cam\a22001693a\4500
=001  53416
=003  PGUSA
=005  20161217030035.0
=008  161031s2016||||xxu|||||s|||||000\1\eng\d
=040  \\ $a PGUSA $b eng
=042  \\ $a dc
=100  1\ $a Garvice, Charles, $d 1850-1920
=245  10 $a Only a Girl's Love $h [electronic resource] / $c Charles Garvice
=260  \\ $b Project Gutenberg, $c 2016
=506  \\ $a Public domain in the USA.
=516  \\ $a Text
=830  \0 $a Project Gutenberg $v 53416
=856  40 $u http://www.gutenberg.org/ebooks/53416

