=LDR  00623nas  2200193uu 4500
=000  00568cam\a22001693a\4500
=001  53421
=003  PGUSA
=005  20161217030035.0
=008  161031s2016||||xxu|||||s|||||000\|\spa\d
=040  \\ $a PGUSA $b spa
=042  \\ $a dc
=245  10 $a Documentos para la historia del virreinato del Rio de la Plata, tomo 1 $h [electronic resource]
=260  \\ $b Project Gutenberg, $c 2016
=506  \\ $a Public domain in the USA.
=516  \\ $a Text
=653  \\ $a Argentina -- History -- 1776-1810 -- Sources
=830  \0 $a Project Gutenberg $v 53421
=856  40 $u http://www.gutenberg.org/ebooks/53421

