=LDR  00674nas  2200193uu 4500
=000  00568cam\a22001693a\4500
=001  53424
=003  PGUSA
=005  20161217030035.0
=008  161101s2016||||xxu|||||s|||||000\|\eng\d
=040  \\ $a PGUSA $b eng
=042  \\ $a dc
=100  1\ $a Malcolm, John, $d 1769-1833
=245  14 $a The Life of Robert, Lord Clive, Vol. I (of 3) : $b $b Collected from the Family Papers Communicated by the Earl Of Powis $h [electronic resource] / $c John Malcolm
=260  \\ $b Project Gutenberg, $c 2016
=506  \\ $a Public domain in the USA.
=516  \\ $a Text
=830  \0 $a Project Gutenberg $v 53424
=856  40 $u http://www.gutenberg.org/ebooks/53424

