=LDR  00577nas  2200193uu 4500
=000  00568cam\a22001693a\4500
=001  53425
=003  PGUSA
=005  20161217030035.0
=008  161101s2016||||xxu|||||s|||||000\|\eng\d
=040  \\ $a PGUSA $b eng
=042  \\ $a dc
=100  1\ $a MacKenzie, Edna I.
=245  14 $a The Dearest Things in Boots $h [electronic resource] / $c Edna I. MacKenzie
=260  \\ $b Project Gutenberg, $c 2016
=506  \\ $a Public domain in the USA.
=516  \\ $a Text
=830  \0 $a Project Gutenberg $v 53425
=856  40 $u http://www.gutenberg.org/ebooks/53425

