=LDR  00559nas  2200181uu 4500
=000  00568cam\a22001693a\4500
=001  53427
=003  PGUSA
=005  20161217030035.0
=008  161101s2016||||xxu|||||s|||||000\|\eng\d
=040  \\ $a PGUSA $b eng
=042  \\ $a dc
=245  14 $a The Girl's Own Paper, Vol. XX, No. 994, January 14, 1899 $h [electronic resource] / $c Various
=260  \\ $b Project Gutenberg, $c 2016
=506  \\ $a Public domain in the USA.
=516  \\ $a Text
=830  \0 $a Project Gutenberg $v 53427
=856  40 $u http://www.gutenberg.org/ebooks/53427

