=LDR  00597nas  2200193uu 4500
=000  00568cam\a22001693a\4500
=001  53429
=003  PGUSA
=005  20161217030035.0
=008  161101s2016||||xxu|||||s|||||000\|\spa\d
=040  \\ $a PGUSA $b spa
=042  \\ $a dc
=100  1\ $a Pereda, José María de, $d 1833-1906
=245  13 $a El sabor de la tierruca $h [electronic resource] / $c José María de Pereda
=260  \\ $b Project Gutenberg, $c 2016
=506  \\ $a Public domain in the USA.
=516  \\ $a Text
=830  \0 $a Project Gutenberg $v 53429
=856  40 $u http://www.gutenberg.org/ebooks/53429

