=LDR  00591nas  2200193uu 4500
=000  00568cam\a22001693a\4500
=001  53436
=003  PGUSA
=005  20161217030035.0
=008  161102s2016||||xxu|||||s|||||000\|\spa\d
=040  \\ $a PGUSA $b spa
=042  \\ $a dc
=100  1\ $a Valera, Juan, $d 1824-1905
=245  14 $a Las Ilustiones del Doctor Faustino, v.2 $h [electronic resource] / $c Juan Valera
=260  \\ $b Project Gutenberg, $c 2016
=506  \\ $a Public domain in the USA.
=516  \\ $a Text
=830  \0 $a Project Gutenberg $v 53436
=856  40 $u http://www.gutenberg.org/ebooks/53436

