=LDR  00581nas  2200193uu 4500
=000  00568cam\a22001693a\4500
=001  53439
=003  PGUSA
=005  20161217030035.0
=008  161103s2016||||xxu|||||s|||||000\|\fre\d
=040  \\ $a PGUSA $b fre
=042  \\ $a dc
=100  1\ $a Verne, Jules, $d 1828-1905
=245  14 $a Les voyageurs du XIXe siècle $h [electronic resource] / $c Jules Verne
=260  \\ $b Project Gutenberg, $c 2016
=506  \\ $a Public domain in the USA.
=516  \\ $a Text
=830  \0 $a Project Gutenberg $v 53439
=856  40 $u http://www.gutenberg.org/ebooks/53439

