=LDR  00663nas  2200193uu 4500
=000  00568cam\a22001693a\4500
=001  53443
=003  PGUSA
=005  20161217030035.0
=008  161103s2016||||xxu|||||s|||||000\|\eng\d
=040  \\ $a PGUSA $b eng
=042  \\ $a dc
=100  1\ $a Urner, Nathan Dean
=245  10 $a Stop! : $b $b A Handy Monitor, Pocket Conscience and Portable Guardian against the World, the Flesh and the Devil $h [electronic resource] / $c Nathan Dean Urner
=260  \\ $b Project Gutenberg, $c 2016
=506  \\ $a Public domain in the USA.
=516  \\ $a Text
=830  \0 $a Project Gutenberg $v 53443
=856  40 $u http://www.gutenberg.org/ebooks/53443

