=LDR  00595nas  2200193uu 4500
=000  00568cam\a22001693a\4500
=001  53449
=003  PGUSA
=005  20161217030035.0
=008  161104s2016||||xxu|||||s|||||000\|\eng\d
=040  \\ $a PGUSA $b eng
=042  \\ $a dc
=100  1\ $a Frankau, Gilbert, $d 1884-1952
=245  10 $a How Rifleman Brown Came to Valhalla $h [electronic resource] / $c Gilbert Frankau
=260  \\ $b Project Gutenberg, $c 2016
=506  \\ $a Public domain in the USA.
=516  \\ $a Text
=830  \0 $a Project Gutenberg $v 53449
=856  40 $u http://www.gutenberg.org/ebooks/53449

