=LDR  00676nas  2200193uu 4500
=000  00568cam\a22001693a\4500
=001  53452
=003  PGUSA
=005  20161217030035.0
=008  161105s2016||||xxu|||||s|||||000\|\eng\d
=040  \\ $a PGUSA $b eng
=042  \\ $a dc
=100  1\ $a Cooper, Thomas, $d 1805-1892
=245  14 $a The History of the Life and Death of Sultan Solyman the Magnificent : $b $b Emperor of the Turks and of his son Mustapha $h [electronic resource] / $c Thomas Cooper
=260  \\ $b Project Gutenberg, $c 2016
=506  \\ $a Public domain in the USA.
=516  \\ $a Text
=830  \0 $a Project Gutenberg $v 53452
=856  40 $u http://www.gutenberg.org/ebooks/53452

