=LDR  00710nas  2200217uu 4500
=000  00568cam\a22001693a\4500
=001  53455
=003  PGUSA
=005  20161217030035.0
=008  161105s2016||||xxu|||||s|||||000\1\eng\d
=040  \\ $a PGUSA $b eng
=042  \\ $a dc
=050  \4$aPR
=100  1\ $a Scargill, William Pitt, $d 1787-1836
=245  10 $a Rank and Talent; A Novel, Vol. 1 (of 3) $h [electronic resource] / $c William Pitt Scargill
=260  \\ $b Project Gutenberg, $c 2016
=506  \\ $a Public domain in the USA.
=516  \\ $a Text
=653  \\ $a England -- Social life and customs -- 19th century -- Fiction
=830  \0 $a Project Gutenberg $v 53455
=856  40 $u http://www.gutenberg.org/ebooks/53455

