=LDR  00591nas  2200193uu 4500
=000  00568cam\a22001693a\4500
=001  53459
=003  PGUSA
=005  20161217030035.0
=008  161106s2016||||xxu|||||s|||||000\|\ger\d
=040  \\ $a PGUSA $b ger
=042  \\ $a dc
=100  1\ $a Schussen, Wilhelm, $d 1867-1921
=245  10 $a Deutsche Humoristen (7. Band) $h [electronic resource] / $c Wilhelm Schussen
=260  \\ $b Project Gutenberg, $c 2016
=506  \\ $a Public domain in the USA.
=516  \\ $a Text
=830  \0 $a Project Gutenberg $v 53459
=856  40 $u http://www.gutenberg.org/ebooks/53459

