=LDR  00640nas  2200193uu 4500
=000  00568cam\a22001693a\4500
=001  53460
=003  PGUSA
=005  20161217030035.0
=008  161106s2016||||xxu|||||s|||||000\|\eng\d
=040  \\ $a PGUSA $b eng
=042  \\ $a dc
=100  1\ $a Garis, Howard Roger, $d 1873-1962
=245  10 $a Dick Hamilton's Steam Yacht : $b $b A Young Millionaire and The Kidnappers $h [electronic resource] / $c Howard Roger Garis
=260  \\ $b Project Gutenberg, $c 2016
=506  \\ $a Public domain in the USA.
=516  \\ $a Text
=830  \0 $a Project Gutenberg $v 53460
=856  40 $u http://www.gutenberg.org/ebooks/53460

