=LDR  00611nas  2200193uu 4500
=000  00568cam\a22001693a\4500
=001  53461
=003  PGUSA
=005  20161217030035.0
=008  161106s2016||||xxu|||||s|||||000\|\fin\d
=040  \\ $a PGUSA $b fin
=042  \\ $a dc
=100  1\ $a Kant, Immanuel, $d 1724-1804
=245  10 $a Ikuiseen rauhaan : $b $b Valtio-oikeudellinen tutkielma $h [electronic resource] / $c Immanuel Kant
=260  \\ $b Project Gutenberg, $c 2016
=506  \\ $a Public domain in the USA.
=516  \\ $a Text
=830  \0 $a Project Gutenberg $v 53461
=856  40 $u http://www.gutenberg.org/ebooks/53461

