=LDR  00678nas  2200193uu 4500
=000  00568cam\a22001693a\4500
=001  53462
=003  PGUSA
=005  20161217030035.0
=008  161106s2016||||xxu|||||s|||||000\|\spa\d
=040  \\ $a PGUSA $b spa
=042  \\ $a dc
=100  1\ $a Navarro, Juan de Esquivel
=245  10 $a Discursos sobre el arte del dançado : $b $b y sus exelencias y primer origen, reprobando las acciones deshonestas $h [electronic resource] / $c Juan de Esquivel Navarro
=260  \\ $b Project Gutenberg, $c 2016
=506  \\ $a Public domain in the USA.
=516  \\ $a Text
=830  \0 $a Project Gutenberg $v 53462
=856  40 $u http://www.gutenberg.org/ebooks/53462

