=LDR  00654nas  2200181uu 4500
=000  00568cam\a22001693a\4500
=001  53463
=003  PGUSA
=005  20161217030035.0
=008  161106s2016||||xxu|||||s|||||000\|\por\d
=040  \\ $a PGUSA $b por
=042  \\ $a dc
=245  10 $a Textos biblicos : $b $b arranjados de maneira a que possam facilitar o processo de examinar as Escripturas Sagradas e achar de prompto qualquer texto $h [electronic resource] / $c Anonymous
=260  \\ $b Project Gutenberg, $c 2016
=506  \\ $a Public domain in the USA.
=516  \\ $a Text
=830  \0 $a Project Gutenberg $v 53463
=856  40 $u http://www.gutenberg.org/ebooks/53463

