=LDR  00639nas  2200193uu 4500
=000  00568cam\a22001693a\4500
=001  53464
=003  PGUSA
=005  20161217030035.0
=008  161106s2016||||xxu|||||s|||||000\|\eng\d
=040  \\ $a PGUSA $b eng
=042  \\ $a dc
=100  1\ $a Thomson, Christopher Birdwood
=245  10 $a Old Europe's Suicide : $b $b or The Building of a Pyramid of Errors $h [electronic resource] / $c Christopher Birdwood Thomson
=260  \\ $b Project Gutenberg, $c 2016
=506  \\ $a Public domain in the USA.
=516  \\ $a Text
=830  \0 $a Project Gutenberg $v 53464
=856  40 $u http://www.gutenberg.org/ebooks/53464

