=LDR  00674nas  2200193uu 4500
=000  00568cam\a22001693a\4500
=001  53465
=003  PGUSA
=005  20161217030035.0
=008  161107s2016||||xxu|||||s|||||000\|\eng\d
=040  \\ $a PGUSA $b eng
=042  \\ $a dc
=100  1\ $a Mezger, George
=245  10 $a Lessons in the Small Catechism of Dr. Martin Luther : $b $b For the Senior Department of Lutheran Sunday-Schools and for General Use $h [electronic resource] / $c George Mezger
=260  \\ $b Project Gutenberg, $c 2016
=506  \\ $a Public domain in the USA.
=516  \\ $a Text
=830  \0 $a Project Gutenberg $v 53465
=856  40 $u http://www.gutenberg.org/ebooks/53465

