=LDR  00613nas  2200193uu 4500
=000  00568cam\a22001693a\4500
=001  53466
=003  PGUSA
=005  20161217030035.0
=008  161107s2016||||xxu|||||s|||||000\|\eng\d
=040  \\ $a PGUSA $b eng
=042  \\ $a dc
=100  1\ $a Matthews, Stanley R.
=245  10 $a Motor Matt's Mariner : $b $b or, Filling the Bill for Bunce $h [electronic resource] / $c Stanley R. Matthews
=260  \\ $b Project Gutenberg, $c 2016
=506  \\ $a Public domain in the USA.
=516  \\ $a Text
=830  \0 $a Project Gutenberg $v 53466
=856  40 $u http://www.gutenberg.org/ebooks/53466

