=LDR  00591nas  2200193uu 4500
=000  00568cam\a22001693a\4500
=001  53468
=003  PGUSA
=005  20161217030036.0
=008  161106s2016||||xxu|||||s|||||000\|\eng\d
=040  \\ $a PGUSA $b eng
=042  \\ $a dc
=100  1\ $a Cowper, E. E. $q (Edith Elise), $d 1858-1932
=245  10 $a Pam and the Countess $h [electronic resource] / $c E. E. Cowper
=260  \\ $b Project Gutenberg, $c 2016
=506  \\ $a Public domain in the USA.
=516  \\ $a Text
=830  \0 $a Project Gutenberg $v 53468
=856  40 $u http://www.gutenberg.org/ebooks/53468

