=LDR  00545nas  2200193uu 4500
=000  00568cam\a22001693a\4500
=001  53469
=003  PGUSA
=005  20161217030036.0
=008  161107s2016||||xxu|||||s|||||000\|\fin\d
=040  \\ $a PGUSA $b fin
=042  \\ $a dc
=100  1\ $a Tihlä, Hilda
=245  10 $a Leeni $h [electronic resource] / $c Hilda Tihlä
=260  \\ $b Project Gutenberg, $c 2016
=506  \\ $a Public domain in the USA.
=516  \\ $a Text
=830  \0 $a Project Gutenberg $v 53469
=856  40 $u http://www.gutenberg.org/ebooks/53469

