=LDR  00560nas  2200193uu 4500
=000  00568cam\a22001693a\4500
=001  53471
=003  PGUSA
=005  20161217030036.0
=008  161107s2016||||xxu|||||s|||||000\|\ita\d
=040  \\ $a PGUSA $b ita
=042  \\ $a dc
=100  1\ $a D'Ambra, Lucio
=245  13 $a Il "Damo viennese" $h [electronic resource] / $c Lucio D'Ambra
=260  \\ $b Project Gutenberg, $c 2016
=506  \\ $a Public domain in the USA.
=516  \\ $a Text
=830  \0 $a Project Gutenberg $v 53471
=856  40 $u http://www.gutenberg.org/ebooks/53471

