=LDR  00638nas  2200193uu 4500
=000  00568cam\a22001693a\4500
=001  53473
=003  PGUSA
=005  20161217030036.0
=008  161107s2016||||xxu|||||s|||||000\|\eng\d
=040  \\ $a PGUSA $b eng
=042  \\ $a dc
=100  1\ $a Bagwell, Richard, $d 1840-1918
=245  10 $a Ireland under the Stuarts and during the Interregnum, Vol. I (of 3), 1603-1642 $h [electronic resource] / $c Richard Bagwell
=260  \\ $b Project Gutenberg, $c 2016
=506  \\ $a Public domain in the USA.
=516  \\ $a Text
=830  \0 $a Project Gutenberg $v 53473
=856  40 $u http://www.gutenberg.org/ebooks/53473

