=LDR  00576nas  2200193uu 4500
=000  00568cam\a22001693a\4500
=001  53476
=003  PGUSA
=005  20161217030036.0
=008  161107s2016||||xxu|||||s|||||000\|\dut\d
=040  \\ $a PGUSA $b dut
=042  \\ $a dc
=100  1\ $a Vries, Hugo de, $d 1848-1935
=245  10 $a Het Yellowstone-Park $h [electronic resource] / $c Hugo de Vries
=260  \\ $b Project Gutenberg, $c 2016
=506  \\ $a Public domain in the USA.
=516  \\ $a Text
=830  \0 $a Project Gutenberg $v 53476
=856  40 $u http://www.gutenberg.org/ebooks/53476

