=LDR  00589nas  2200193uu 4500
=000  00568cam\a22001693a\4500
=001  53478
=003  PGUSA
=005  20161217030036.0
=008  161108s2016||||xxu|||||s|||||000\|\eng\d
=040  \\ $a PGUSA $b eng
=042  \\ $a dc
=100  1\ $a Snell, F. J. $q (Frederick John), $d 1862-
=245  14 $a The Blackmore Country $h [electronic resource] / $c F. J. Snell
=260  \\ $b Project Gutenberg, $c 2016
=506  \\ $a Public domain in the USA.
=516  \\ $a Text
=830  \0 $a Project Gutenberg $v 53478
=856  40 $u http://www.gutenberg.org/ebooks/53478

