=LDR  00585nas  2200193uu 4500
=000  00568cam\a22001693a\4500
=001  53479
=003  PGUSA
=005  20161217030036.0
=008  161108s2016||||xxu|||||s|||||000\1\eng\d
=040  \\ $a PGUSA $b eng
=042  \\ $a dc
=100  1\ $a Castlemon, Harry, $d 1842-1915
=245  10 $a Don Gordon's Shooting-Box $h [electronic resource] / $c Harry Castlemon
=260  \\ $b Project Gutenberg, $c 2016
=506  \\ $a Public domain in the USA.
=516  \\ $a Text
=830  \0 $a Project Gutenberg $v 53479
=856  40 $u http://www.gutenberg.org/ebooks/53479

