=LDR  00661nas  2200193uu 4500
=000  00568cam\a22001693a\4500
=001  53480
=003  PGUSA
=005  20161217030036.0
=008  161109s2016||||xxu|||||s|||||000\|\eng\d
=040  \\ $a PGUSA $b eng
=042  \\ $a dc
=100  1\ $a Wright, John Kirtland
=245  14 $a The Leardo Map of the World, 1452 or 1453 : $b $b In the Collections of the American Geographical Society $h [electronic resource] / $c John Kirtland Wright
=260  \\ $b Project Gutenberg, $c 2016
=506  \\ $a Public domain in the USA.
=516  \\ $a Text
=830  \0 $a Project Gutenberg $v 53480
=856  40 $u http://www.gutenberg.org/ebooks/53480

