=LDR  00596nas  2200193uu 4500
=000  00568cam\a22001693a\4500
=001  53483
=003  PGUSA
=005  20161217030036.0
=008  161109s2016||||xxu|||||s|||||000\|\ger\d
=040  \\ $a PGUSA $b ger
=042  \\ $a dc
=100  1\ $a Wurzer, Ferdinand
=245  10 $a Versuch über die physische Erziehung der Kinder $h [electronic resource] / $c Ferdinand Wurzer
=260  \\ $b Project Gutenberg, $c 2016
=506  \\ $a Public domain in the USA.
=516  \\ $a Text
=830  \0 $a Project Gutenberg $v 53483
=856  40 $u http://www.gutenberg.org/ebooks/53483

