=LDR  00575nas  2200193uu 4500
=000  00568cam\a22001693a\4500
=001  53484
=003  PGUSA
=005  20161217030036.0
=008  161109s2016||||xxu|||||s|||||000\|\fin\d
=040  \\ $a PGUSA $b fin
=042  \\ $a dc
=100  1\ $a Talvio, Maila, $d 1871-1951
=245  10 $a Satuja ja tarinoita 1 $h [electronic resource] / $c Maila Talvio
=260  \\ $b Project Gutenberg, $c 2016
=506  \\ $a Public domain in the USA.
=516  \\ $a Text
=830  \0 $a Project Gutenberg $v 53484
=856  40 $u http://www.gutenberg.org/ebooks/53484

