=LDR  00601nas  2200193uu 4500
=000  00568cam\a22001693a\4500
=001  53486
=003  PGUSA
=005  20161217030036.0
=008  161109s2016||||xxu|||||s|||||000\|\eng\d
=040  \\ $a PGUSA $b eng
=042  \\ $a dc
=100  1\ $a Crawford, F. Marion $q (Francis Marion), $d 1854-1909
=245  14 $a The Three Fates $h [electronic resource] / $c F. Marion Crawford
=260  \\ $b Project Gutenberg, $c 2016
=506  \\ $a Public domain in the USA.
=516  \\ $a Text
=830  \0 $a Project Gutenberg $v 53486
=856  40 $u http://www.gutenberg.org/ebooks/53486

