=LDR  00748nas  2200181uu 4500
=000  00568cam\a22001693a\4500
=001  53489
=003  PGUSA
=005  20161217030036.0
=008  161110s2016||||xxu|||||s|||||000\|\eng\d
=040  \\ $a PGUSA $b eng
=042  \\ $a dc
=245  14 $a The Life of Lazarillo de Tormes : $b $b His Fortunes and Adversities; with a Notice of the Mendoza Family, a Short Life of the Author, Don Diego Hurtado De Mendoza, a Notice of the Work, and Some Remarks on the Character of Lazarillo de Tormes $h [electronic resource] / $c Anonymous
=260  \\ $b Project Gutenberg, $c 2016
=506  \\ $a Public domain in the USA.
=516  \\ $a Text
=830  \0 $a Project Gutenberg $v 53489
=856  40 $u http://www.gutenberg.org/ebooks/53489

