=LDR  00569nas  2200193uu 4500
=000  00568cam\a22001693a\4500
=001  53490
=003  PGUSA
=005  20161217030036.0
=008  161110s2016||||xxu|||||s|||||000\|\eng\d
=040  \\ $a PGUSA $b eng
=042  \\ $a dc
=100  1\ $a Baillot, A., $d 1802-1885
=245  10 $a William Shakespeare $h [electronic resource] / $c A. Baillot
=260  \\ $b Project Gutenberg, $c 2016
=506  \\ $a Public domain in the USA.
=516  \\ $a Text
=830  \0 $a Project Gutenberg $v 53490
=856  40 $u http://www.gutenberg.org/ebooks/53490

