=LDR  00557nas  2200193uu 4500
=000  00568cam\a22001693a\4500
=001  53492
=003  PGUSA
=005  20161217030036.0
=008  161110s2016||||xxu|||||s|||||000\|\dut\d
=040  \\ $a PGUSA $b dut
=042  \\ $a dc
=100  1\ $a Java, Melati van
=245  10 $a In Extremis $h [electronic resource] / $c Melati van Java
=260  \\ $b Project Gutenberg, $c 2016
=506  \\ $a Public domain in the USA.
=516  \\ $a Text
=830  \0 $a Project Gutenberg $v 53492
=856  40 $u http://www.gutenberg.org/ebooks/53492

