=LDR  00635nas  2200193uu 4500
=000  00568cam\a22001693a\4500
=001  53493
=003  PGUSA
=005  20161217030036.0
=008  161110s2016||||xxu|||||s|||||000\|\ger\d
=040  \\ $a PGUSA $b ger
=042  \\ $a dc
=100  1\ $a Steiner, Rudolf, $d 1861-1925
=245  14 $a Die Philosophie der Freiheit : $b $b Grundzüge einer modernen Weltanschauung $h [electronic resource] / $c Rudolf Steiner
=260  \\ $b Project Gutenberg, $c 2016
=506  \\ $a Public domain in the USA.
=516  \\ $a Text
=830  \0 $a Project Gutenberg $v 53493
=856  40 $u http://www.gutenberg.org/ebooks/53493

