=LDR  00694nas  2200193uu 4500
=000  00568cam\a22001693a\4500
=001  53494
=003  PGUSA
=005  20161217030036.0
=008  161110s2016||||xxu|||||s|||||000\|\eng\d
=040  \\ $a PGUSA $b eng
=042  \\ $a dc
=100  1\ $a Calver, George
=245  10 $a New Edition of Hints on Silver-Glass Reflecting Telescopes Manufactured by Mr. G. Calver, F.R.A.S. : $b $b with Directions for Silvering, Adjusting, &c. $h [electronic resource] / $c George Calver
=260  \\ $b Project Gutenberg, $c 2016
=506  \\ $a Public domain in the USA.
=516  \\ $a Text
=830  \0 $a Project Gutenberg $v 53494
=856  40 $u http://www.gutenberg.org/ebooks/53494

