=LDR  00592nas  2200193uu 4500
=000  00568cam\a22001693a\4500
=001  53496
=003  PGUSA
=005  20161217030036.0
=008  161110s2016||||xxu|||||s|||||000\|\eng\d
=040  \\ $a PGUSA $b eng
=042  \\ $a dc
=100  1\ $a Green, J. D. $q (Jacob D.), $d 1813-
=245  10 $a Reminiscences of Epping Forest $h [electronic resource] / $c J. D. Green
=260  \\ $b Project Gutenberg, $c 2016
=506  \\ $a Public domain in the USA.
=516  \\ $a Text
=830  \0 $a Project Gutenberg $v 53496
=856  40 $u http://www.gutenberg.org/ebooks/53496

