=LDR  00614nas  2200193uu 4500
=000  00568cam\a22001693a\4500
=001  53497
=003  PGUSA
=005  20161217030036.0
=008  161110s2016||||xxu|||||s|||||000\|\fre\d
=040  \\ $a PGUSA $b fre
=042  \\ $a dc
=100  1\ $a Mably, Abbé de
=245  10 $a Collection complète des oeuvres de l'Abbé de Mably, Volume 2 (of 15) $h [electronic resource] / $c Abbé de Mably
=260  \\ $b Project Gutenberg, $c 2016
=506  \\ $a Public domain in the USA.
=516  \\ $a Text
=830  \0 $a Project Gutenberg $v 53497
=856  40 $u http://www.gutenberg.org/ebooks/53497

