=LDR  00607nas  2200193uu 4500
=000  00568cam\a22001693a\4500
=001  53502
=003  PGUSA
=005  20161217030036.0
=008  161112s2016||||xxu|||||s|||||000\|\fre\d
=040  \\ $a PGUSA $b fre
=042  \\ $a dc
=100  1\ $a Rocheterie, Maxime de la
=245  10 $a Histoire de Marie-Antoinette, Volume 1 (of 2) $h [electronic resource] / $c Maxime de la Rocheterie
=260  \\ $b Project Gutenberg, $c 2016
=506  \\ $a Public domain in the USA.
=516  \\ $a Text
=830  \0 $a Project Gutenberg $v 53502
=856  40 $u http://www.gutenberg.org/ebooks/53502

