=LDR  00604nas  2200193uu 4500
=000  00568cam\a22001693a\4500
=001  53505
=003  PGUSA
=005  20161217030036.0
=008  161111s2016||||xxu|||||s|||||000\|\fin\d
=040  \\ $a PGUSA $b fin
=042  \\ $a dc
=100  1\ $a Maeterlinck, Maurice, $d 1862-1949
=245  10 $a Sininen lintu : $b $b Satunäytelmä $h [electronic resource] / $c Maurice Maeterlinck
=260  \\ $b Project Gutenberg, $c 2016
=506  \\ $a Public domain in the USA.
=516  \\ $a Text
=830  \0 $a Project Gutenberg $v 53505
=856  40 $u http://www.gutenberg.org/ebooks/53505

