=LDR  00590nas  2200193uu 4500
=000  00568cam\a22001693a\4500
=001  53506
=003  PGUSA
=005  20161217030036.0
=008  161111s2016||||xxu|||||s|||||000\|\eng\d
=040  \\ $a PGUSA $b eng
=042  \\ $a dc
=100  1\ $a Anderson, J. D.
=245  12 $a A Collection of Kachári Folk-Tales and Rhymes $h [electronic resource] / $c J. D. Anderson
=260  \\ $b Project Gutenberg, $c 2016
=506  \\ $a Public domain in the USA.
=516  \\ $a Text
=830  \0 $a Project Gutenberg $v 53506
=856  40 $u http://www.gutenberg.org/ebooks/53506

