=LDR  00680nas  2200193uu 4500
=000  00568cam\a22001693a\4500
=001  53510
=003  PGUSA
=005  20161217030036.0
=008  161112s2016||||xxu|||||s|||||000\|\eng\d
=040  \\ $a PGUSA $b eng
=042  \\ $a dc
=100  1\ $a Malcolm, John, $d 1769-1833
=245  10 $a Sketch of the Sikhs : $b $b A Singular Nation Who Inhabit the Provinces of Pehjab, Situated Between the Rivers Iumna and Indus $h [electronic resource] / $c John Malcolm
=260  \\ $b Project Gutenberg, $c 2016
=506  \\ $a Public domain in the USA.
=516  \\ $a Text
=830  \0 $a Project Gutenberg $v 53510
=856  40 $u http://www.gutenberg.org/ebooks/53510

