=LDR  00695nas  2200193uu 4500
=000  00568cam\a22001693a\4500
=001  53514
=003  PGUSA
=005  20161217030036.0
=008  161112s2016||||xxu|||||s|||||000\|\ger\d
=040  \\ $a PGUSA $b ger
=042  \\ $a dc
=100  1\ $a Fürst, Artur
=245  14 $a Die Welt auf Schienen : $b $b Eine Darstellung der Einrichtungen und des Betriebs auf den Eisenbahnen des Fernverkehrs Nebst einer Geschichte der Eisenbahn $h [electronic resource] / $c Artur Fürst
=260  \\ $b Project Gutenberg, $c 2016
=506  \\ $a Public domain in the USA.
=516  \\ $a Text
=830  \0 $a Project Gutenberg $v 53514
=856  40 $u http://www.gutenberg.org/ebooks/53514

