=LDR  00592nas  2200193uu 4500
=000  00568cam\a22001693a\4500
=001  53516
=003  PGUSA
=005  20161217030036.0
=008  161113s2016||||xxu|||||s|||||000\|\eng\d
=040  \\ $a PGUSA $b eng
=042  \\ $a dc
=100  1\ $a Wells, H. G. $q (Herbert George), $d 1866-1946
=245  10 $a This Misery of Boots $h [electronic resource] / $c H. G. Wells
=260  \\ $b Project Gutenberg, $c 2016
=506  \\ $a Public domain in the USA.
=516  \\ $a Text
=830  \0 $a Project Gutenberg $v 53516
=856  40 $u http://www.gutenberg.org/ebooks/53516

