=LDR  00622nas  2200193uu 4500
=000  00568cam\a22001693a\4500
=001  53517
=003  PGUSA
=005  20161217030036.0
=008  161113s2016||||xxu|||||s|||||000\|\spa\d
=040  \\ $a PGUSA $b spa
=042  \\ $a dc
=100  1\ $a Baroja, Pío, $d 1872-1956
=245  14 $a Los Caudillos de 1830 : $b $b Memorias de un hombre de acción, tomo 9 $h [electronic resource] / $c Pío Baroja
=260  \\ $b Project Gutenberg, $c 2016
=506  \\ $a Public domain in the USA.
=516  \\ $a Text
=830  \0 $a Project Gutenberg $v 53517
=856  40 $u http://www.gutenberg.org/ebooks/53517

