=LDR  00623nas  2200193uu 4500
=000  00568cam\a22001693a\4500
=001  53519
=003  PGUSA
=005  20161217030036.0
=008  161113s2016||||xxu|||||s|||||000\|\eng\d
=040  \\ $a PGUSA $b eng
=042  \\ $a dc
=100  1\ $a Seeley, L. B., $d 1717-1797
=245  10 $a Horace Walpole and his World : $b $b Select passages from his Letters $h [electronic resource] / $c L. B. Seeley
=260  \\ $b Project Gutenberg, $c 2016
=506  \\ $a Public domain in the USA.
=516  \\ $a Text
=830  \0 $a Project Gutenberg $v 53519
=856  40 $u http://www.gutenberg.org/ebooks/53519

