=LDR  00815nas  2200193uu 4500
=000  00568cam\a22001693a\4500
=001  53520
=003  PGUSA
=005  20161217030036.0
=008  161113s2016||||xxu|||||s|||||000\|\eng\d
=040  \\ $a PGUSA $b eng
=042  \\ $a dc
=100  1\ $a Orcutt, William Dana, $d 1870-1953
=245  14 $a The Author's Desk Book : $b $b Being a Reference Volume upon Questions of the Relations of the Author to the Publisher, Copyright, The Relation of the Contributor to the Magazine, Mechanics of the Book, Arrangement of the Book, Making of the Index $h [electronic resource] / $c William Dana Orcutt
=260  \\ $b Project Gutenberg, $c 2016
=506  \\ $a Public domain in the USA.
=516  \\ $a Text
=830  \0 $a Project Gutenberg $v 53520
=856  40 $u http://www.gutenberg.org/ebooks/53520

