=LDR  00586nas  2200193uu 4500
=000  00568cam\a22001693a\4500
=001  53521
=003  PGUSA
=005  20161217030036.0
=008  161113s2016||||xxu|||||s|||||000\|\eng\d
=040  \\ $a PGUSA $b eng
=042  \\ $a dc
=100  1\ $a Murrey, Thomas J. $q (Thomas Jefferson)
=245  10 $a Oysters and Fish $h [electronic resource] / $c Thomas J. Murrey
=260  \\ $b Project Gutenberg, $c 2016
=506  \\ $a Public domain in the USA.
=516  \\ $a Text
=830  \0 $a Project Gutenberg $v 53521
=856  40 $u http://www.gutenberg.org/ebooks/53521

