=LDR  00568nas  2200193uu 4500
=000  00568cam\a22001693a\4500
=001  53522
=003  PGUSA
=005  20161217030036.0
=008  161113s2016||||xxu|||||s|||||000\|\eng\d
=040  \\ $a PGUSA $b eng
=042  \\ $a dc
=100  1\ $a Douglas, O., $d 1877-1948
=245  10 $a Ann and her Mother $h [electronic resource] / $c O. Douglas
=260  \\ $b Project Gutenberg, $c 2016
=506  \\ $a Public domain in the USA.
=516  \\ $a Text
=830  \0 $a Project Gutenberg $v 53522
=856  40 $u http://www.gutenberg.org/ebooks/53522

