=LDR  00686nas  2200193uu 4500
=000  00568cam\a22001693a\4500
=001  53523
=003  PGUSA
=005  20161217030036.0
=008  161113s2016||||xxu|||||s|||||000\|\fre\d
=040  \\ $a PGUSA $b fre
=042  \\ $a dc
=100  1\ $a Radziwill, Marie Dorothea Elisabeth de Castellane, Fürstin, $d 1840-1915
=245  10 $a Chronique de 1831 à 1862, Tome 4 (de 4) $h [electronic resource] / $c Marie Dorothea Elisabeth de Castellane, Fürstin Radziwill
=260  \\ $b Project Gutenberg, $c 2016
=506  \\ $a Public domain in the USA.
=516  \\ $a Text
=830  \0 $a Project Gutenberg $v 53523
=856  40 $u http://www.gutenberg.org/ebooks/53523

