=LDR  00614nas  2200193uu 4500
=000  00568cam\a22001693a\4500
=001  53525
=003  PGUSA
=005  20161217030036.0
=008  161113s2016||||xxu|||||s|||||000\|\eng\d
=040  \\ $a PGUSA $b eng
=042  \\ $a dc
=100  1\ $a Yates, Lucy H.
=245  12 $a A Handbook of Fish Cookery : $b $b How to buy, dress, cook, and eat fish $h [electronic resource] / $c Lucy H. Yates
=260  \\ $b Project Gutenberg, $c 2016
=506  \\ $a Public domain in the USA.
=516  \\ $a Text
=830  \0 $a Project Gutenberg $v 53525
=856  40 $u http://www.gutenberg.org/ebooks/53525

