=LDR  00600nas  2200193uu 4500
=000  00568cam\a22001693a\4500
=001  53527
=003  PGUSA
=005  20161217030036.0
=008  161114s2016||||xxu|||||s|||||000\|\eng\d
=040  \\ $a PGUSA $b eng
=042  \\ $a dc
=100  1\ $a Charnock, Stephen
=245  14 $a The Existence and Attributes of God, Volumes 1 and 2 $h [electronic resource] / $c Stephen Charnock
=260  \\ $b Project Gutenberg, $c 2016
=506  \\ $a Public domain in the USA.
=516  \\ $a Text
=830  \0 $a Project Gutenberg $v 53527
=856  40 $u http://www.gutenberg.org/ebooks/53527

