=LDR  00595nas  2200193uu 4500
=000  00568cam\a22001693a\4500
=001  53528
=003  PGUSA
=005  20161217030036.0
=008  161114s2016||||xxu|||||s|||||000\|\fin\d
=040  \\ $a PGUSA $b fin
=042  \\ $a dc
=100  1\ $a Strindberg, August, $d 1849-1912
=245  10 $a Keikari sekä muita kertomuksia $h [electronic resource] / $c August Strindberg
=260  \\ $b Project Gutenberg, $c 2016
=506  \\ $a Public domain in the USA.
=516  \\ $a Text
=830  \0 $a Project Gutenberg $v 53528
=856  40 $u http://www.gutenberg.org/ebooks/53528

