=LDR  00608nas  2200193uu 4500
=000  00568cam\a22001693a\4500
=001  53530
=003  PGUSA
=005  20161217030036.0
=008  161114s2016||||xxu|||||s|||||000\|\eng\d
=040  \\ $a PGUSA $b eng
=042  \\ $a dc
=100  1\ $a Culbertson, Earnest Howard
=245  10 $a Goat Alley : $b $b A Tragedy of Negro Life $h [electronic resource] / $c Earnest Howard Culbertson
=260  \\ $b Project Gutenberg, $c 2016
=506  \\ $a Public domain in the USA.
=516  \\ $a Text
=830  \0 $a Project Gutenberg $v 53530
=856  40 $u http://www.gutenberg.org/ebooks/53530

