=LDR  00616nas  2200193uu 4500
=000  00568cam\a22001693a\4500
=001  53533
=003  PGUSA
=005  20161217030036.0
=008  161115s2016||||xxu|||||s|||||000\|\eng\d
=040  \\ $a PGUSA $b eng
=042  \\ $a dc
=100  1\ $a Matthews, Stanley R.
=245  10 $a Motor Matt's Double Trouble : $b $b or, The Last of the Hoodoo $h [electronic resource] / $c Stanley R. Matthews
=260  \\ $b Project Gutenberg, $c 2016
=506  \\ $a Public domain in the USA.
=516  \\ $a Text
=830  \0 $a Project Gutenberg $v 53533
=856  40 $u http://www.gutenberg.org/ebooks/53533

