=LDR  00646nas  2200193uu 4500
=000  00568cam\a22001693a\4500
=001  53534
=003  PGUSA
=005  20161217030036.0
=008  161116s2016||||xxu|||||s|||||000\|\eng\d
=040  \\ $a PGUSA $b eng
=042  \\ $a dc
=100  1\ $a Butler, Josephine Elizabeth Grey, $d 1828-1906
=245  10 $a Josephine E. Butler : $b $b An Autobiographical Memoir $h [electronic resource] / $c Josephine Elizabeth Grey Butler
=260  \\ $b Project Gutenberg, $c 2016
=506  \\ $a Public domain in the USA.
=516  \\ $a Text
=830  \0 $a Project Gutenberg $v 53534
=856  40 $u http://www.gutenberg.org/ebooks/53534

