=LDR  00678nas  2200193uu 4500
=000  00568cam\a22001693a\4500
=001  53536
=003  PGUSA
=005  20161217030036.0
=008  161116s2016||||xxu|||||s|||||000\|\fre\d
=040  \\ $a PGUSA $b fre
=042  \\ $a dc
=100  1\ $a Marie, Adrien-Emmanuel, $d 1848-1891
=245  10 $a A travers l'Exposition : $b $b Promenades de deux enfants au Champ-de-Mars et à l'esplanade des Invalides $h [electronic resource] / $c Adrien-Emmanuel Marie
=260  \\ $b Project Gutenberg, $c 2016
=506  \\ $a Public domain in the USA.
=516  \\ $a Text
=830  \0 $a Project Gutenberg $v 53536
=856  40 $u http://www.gutenberg.org/ebooks/53536

