=LDR  00615nas  2200193uu 4500
=000  00568cam\a22001693a\4500
=001  53537
=003  PGUSA
=005  20161217030036.0
=008  161116s2016||||xxu|||||s|||||000\|\eng\d
=040  \\ $a PGUSA $b eng
=042  \\ $a dc
=100  1\ $a Moncrieff, A. R. Hope $q (Ascott Robert Hope), $d 1846-1927
=245  14 $a The Heart of Scotland $h [electronic resource] / $c A. R. Hope Moncrieff
=260  \\ $b Project Gutenberg, $c 2016
=506  \\ $a Public domain in the USA.
=516  \\ $a Text
=830  \0 $a Project Gutenberg $v 53537
=856  40 $u http://www.gutenberg.org/ebooks/53537

