=LDR  00603nas  2200193uu 4500
=000  00568cam\a22001693a\4500
=001  53540
=003  PGUSA
=005  20161217030036.0
=008  161117s2016||||xxu|||||s|||||000\|\fre\d
=040  \\ $a PGUSA $b fre
=042  \\ $a dc
=100  1\ $a Francis, de Sales, $c Saint, $d 1567-1622
=245  10 $a Introduction à la vie dévote $h [electronic resource] / $c de Sales, Francis
=260  \\ $b Project Gutenberg, $c 2016
=506  \\ $a Public domain in the USA.
=516  \\ $a Text
=830  \0 $a Project Gutenberg $v 53540
=856  40 $u http://www.gutenberg.org/ebooks/53540

