=LDR  00665nas  2200193uu 4500
=000  00568cam\a22001693a\4500
=001  53541
=003  PGUSA
=005  20161217030036.0
=008  161117s2016||||xxu|||||s|||||000\|\eng\d
=040  \\ $a PGUSA $b eng
=042  \\ $a dc
=100  1\ $a Canfield, George L.
=245  14 $a The Law of the Sea : $b $b A manual of the principles of admiralty law for students, mariners, and ship operators $h [electronic resource] / $c George L. Canfield
=260  \\ $b Project Gutenberg, $c 2016
=506  \\ $a Public domain in the USA.
=516  \\ $a Text
=830  \0 $a Project Gutenberg $v 53541
=856  40 $u http://www.gutenberg.org/ebooks/53541

