=LDR  00672nas  2200193uu 4500
=000  00568cam\a22001693a\4500
=001  53542
=003  PGUSA
=005  20161217030036.0
=008  161117s2016||||xxu|||||s|||||000\|\eng\d
=040  \\ $a PGUSA $b eng
=042  \\ $a dc
=100  1\ $a Draper, Henry
=245  10 $a On the Construction of a Silvered Glass Telescope : $b $b Fifteen and a half inches in aperture and its use in celestial photography $h [electronic resource] / $c Henry Draper
=260  \\ $b Project Gutenberg, $c 2016
=506  \\ $a Public domain in the USA.
=516  \\ $a Text
=830  \0 $a Project Gutenberg $v 53542
=856  40 $u http://www.gutenberg.org/ebooks/53542

