=LDR  00626nas  2200193uu 4500
=000  00568cam\a22001693a\4500
=001  53543
=003  PGUSA
=005  20161217030036.0
=008  161117s2016||||xxu|||||s|||||000\|\fin\d
=040  \\ $a PGUSA $b fin
=042  \\ $a dc
=100  1\ $a Shaw, Bernard, $d 1856-1950
=245  10 $a Järjen sanoja sodasta : $b $b Englantilaisen 'kapinoitsijan' arvostelua $h [electronic resource] / $c Bernard Shaw
=260  \\ $b Project Gutenberg, $c 2016
=506  \\ $a Public domain in the USA.
=516  \\ $a Text
=830  \0 $a Project Gutenberg $v 53543
=856  40 $u http://www.gutenberg.org/ebooks/53543

