=LDR  00578nas  2200193uu 4500
=000  00568cam\a22001693a\4500
=001  53548
=003  PGUSA
=005  20161217030036.0
=008  161118s2016||||xxu|||||s|||||000\|\eng\d
=040  \\ $a PGUSA $b eng
=042  \\ $a dc
=100  1\ $a Scott, Gertrude Fisher
=245  10 $a Jean Cabot at Ashton $h [electronic resource] / $c Gertrude Fisher Scott
=260  \\ $b Project Gutenberg, $c 2016
=506  \\ $a Public domain in the USA.
=516  \\ $a Text
=830  \0 $a Project Gutenberg $v 53548
=856  40 $u http://www.gutenberg.org/ebooks/53548

