=LDR  00580nas  2200193uu 4500
=000  00568cam\a22001693a\4500
=001  53550
=003  PGUSA
=005  20161217030036.0
=008  161118s2016||||xxu|||||s|||||000\|\ger\d
=040  \\ $a PGUSA $b ger
=042  \\ $a dc
=100  1\ $a Zech, Friedrich
=245  10 $a Erziehung und Unterricht der Blinden $h [electronic resource] / $c Friedrich Zech
=260  \\ $b Project Gutenberg, $c 2016
=506  \\ $a Public domain in the USA.
=516  \\ $a Text
=830  \0 $a Project Gutenberg $v 53550
=856  40 $u http://www.gutenberg.org/ebooks/53550

