=LDR  00591nas  2200193uu 4500
=000  00568cam\a22001693a\4500
=001  53552
=003  PGUSA
=005  20161217030036.0
=008  161119s2016||||xxu|||||s|||||000\|\spa\d
=040  \\ $a PGUSA $b spa
=042  \\ $a dc
=100  1\ $a Bécquer, Gustavo Adolfo, $d 1836-1870
=245  10 $a Obras escogidas $h [electronic resource] / $c Gustavo Adolfo Bécquer
=260  \\ $b Project Gutenberg, $c 2016
=506  \\ $a Public domain in the USA.
=516  \\ $a Text
=830  \0 $a Project Gutenberg $v 53552
=856  40 $u http://www.gutenberg.org/ebooks/53552

