=LDR  00578nas  2200193uu 4500
=000  00568cam\a22001693a\4500
=001  53555
=003  PGUSA
=005  20161217030036.0
=008  161119s2016||||xxu|||||s|||||000\|\fin\d
=040  \\ $a PGUSA $b fin
=042  \\ $a dc
=100  1\ $a Seppänen, Rob. A., $d 1868-1936
=245  10 $a Kertomuksia II $h [electronic resource] / $c Rob. A. Seppänen
=260  \\ $b Project Gutenberg, $c 2016
=506  \\ $a Public domain in the USA.
=516  \\ $a Text
=830  \0 $a Project Gutenberg $v 53555
=856  40 $u http://www.gutenberg.org/ebooks/53555

