=LDR  00685nas  2200193uu 4500
=000  00568cam\a22001693a\4500
=001  53559
=003  PGUSA
=005  20161217030036.0
=008  161119s2016||||xxu|||||s|||||000\|\eng\d
=040  \\ $a PGUSA $b eng
=042  \\ $a dc
=100  1\ $a Hume, Martin A. S. $q (Martin Andrew Sharp), $d 1847-1910
=245  14 $a The Courtships of Queen Elizabeth : $b $b A history of the various negotiations for her marriage $h [electronic resource] / $c Martin A. S. Hume
=260  \\ $b Project Gutenberg, $c 2016
=506  \\ $a Public domain in the USA.
=516  \\ $a Text
=830  \0 $a Project Gutenberg $v 53559
=856  40 $u http://www.gutenberg.org/ebooks/53559

