=LDR  00638nas  2200193uu 4500
=000  00568cam\a22001693a\4500
=001  53560
=003  PGUSA
=005  20161217030036.0
=008  161120s2016||||xxu|||||s|||||000\|\eng\d
=040  \\ $a PGUSA $b eng
=042  \\ $a dc
=100  1\ $a Oxley, J. Macdonald $q (James Macdonald), $d 1855-1907
=245  10 $a With Rogers on the Frontier : $b $b A Story of 1756 $h [electronic resource] / $c J. Macdonald Oxley
=260  \\ $b Project Gutenberg, $c 2016
=506  \\ $a Public domain in the USA.
=516  \\ $a Text
=830  \0 $a Project Gutenberg $v 53560
=856  40 $u http://www.gutenberg.org/ebooks/53560

